{'III': [{'2022-03-31': {'researchDevelopment': None, 'effectOfAccountingCharges': None, 'incomeBeforeTax': 4017000000, 'minorityInterest': None, 'netIncome': 4012000000, 'sellingGeneralAdministrative': 118000000, 'grossProfit': 4199000000, 'ebit': 4062000000, 'operatingIncome': 4062000000, 'otherOperatingExpenses': None, 'interestExpense': -53000000, 'extraordinaryItems': None, 'nonRecurring': None, 'otherItems': None, 'incomeTaxExpense': 5000000, 'totalRevenue': 4199000000, 'totalOperatingExpenses': 137000000, 'costOfRevenue': 0, 'totalOtherIncomeExpenseNet': -45000000, 'discontinuedOperations': None, 'netIncomeFromContinuingOps': 4012000000, 'netIncomeApplicableToCommonShares': 4012000000}}, {'2021-03-31': {'researchDevelopment': None, 'effectOfAccountingCharges': None, 'incomeBeforeTax': 1852000000, 'minorityInterest': None, 'netIncome': 1852000000, 'sellingGeneralAdministrative': 104000000, 'grossProfit': 2017000000, 'ebit': 1893000000, 'operatingIncome': 1893000000, 'otherOperatingExpenses': None, 'interestExpense': -47000000, 'extraordinaryItems': None, 'nonRecurring': None, 'otherItems': None, 'incomeTaxExpense': 0, 'totalRevenue': 2017000000, 'totalOperatingExpenses': 124000000, 'costOfRevenue': 0, 'totalOtherIncomeExpenseNet': -41000000, 'discontinuedOperations': None, 'netIncomeFromContinuingOps': 1852000000, 'netIncomeApplicableToCommonShares': 1852000000}}, {'2020-03-31': {'researchDevelopment': None, 'effectOfAccountingCharges': None, 'incomeBeforeTax': 215000000, 'minorityInterest': None, 'netIncome': 214000000, 'sellingGeneralAdministrative': 108000000, 'grossProfit': 325000000, 'ebit': 204000000, 'operatingIncome': 204000000, 'otherOperatingExpenses': None, 'interestExpense': -38000000, 'extraordinaryItems': None, 'nonRecurring': None, 'otherItems': None, 'incomeTaxExpense': 1000000, 'totalRevenue': 325000000, 'totalOperatingExpenses': 121000000, 'costOfRevenue': 0, 'totalOtherIncomeExpenseNet': 11000000, 'discontinuedOperations': None, 'netIncomeFromContinuingOps': 214000000, 'netIncomeApplicableToCommonShares': 214000000}}, {'2019-03-31': {'researchDevelopment': None, 'effectOfAccountingCharges': None, 'incomeBeforeTax': 1230000000, 'minorityInterest': None, 'netIncome': 1242000000, 'sellingGeneralAdministrative': 119000000, 'grossProfit': 1361000000, 'ebit': 1230000000, 'operatingIncome': 1230000000, 'otherOperatingExpenses': None, 'interestExpense': -36000000, 'extraordinaryItems': None, 'nonRecurring': None, 'otherItems': None, 'incomeTaxExpense': -12000000, 'totalRevenue': 1361000000, 'totalOperatingExpenses': 131000000, 'costOfRevenue': 0, 'totalOtherIncomeExpenseNet': 0, 'discontinuedOperations': None, 'netIncomeFromContinuingOps': 1242000000, 'netIncomeApplicableToCommonShares': 1242000000}}], 'ADM': [{'2021-12-31': {'researchDevelopment': None, 'effectOfAccountingCharges': None, 'incomeBeforeTax': 713500000, 'minorityInterest': 2300000, 'netIncome': 997900000, 'sellingGeneralAdministrative': 479000000, 'grossProfit': 1210500000, 'ebit': 731500000, 'operatingIncome': 731500000, 'otherOperatingExpenses': None, 'interestExpense': -19800000, 'extraordinaryItems': None, 'nonRecurring': None, 'otherItems': None, 'incomeTaxExpense': 130200000, 'totalRevenue': 1553500000, 'totalOperatingExpenses': 822000000, 'costOfRevenue': 343000000, 'totalOtherIncomeExpenseNet': -18000000, 'discontinuedOperations': 413400000, 'netIncomeFromContinuingOps': 583300000, 'netIncomeApplicableToCommonShares': 997900000}}, {'2020-12-31': {'researchDevelopment': None, 'effectOfAccountingCharges': None, 'incomeBeforeTax': 608200000, 'minorityInterest': 10700000, 'netIncome': 528800000, 'sellingGeneralAdministrative': 358000000, 'grossProfit': 985700000, 'ebit': 627700000, 'operatingIncome': 627700000, 'otherOperatingExpenses': None, 'interestExpense': -21500000, 'extraordinaryItems': None, 'nonRecurring': None, 'otherItems': None, 'incomeTaxExpense': 106200000, 'totalRevenue': 1304700000, 'totalOperatingExpenses': 677000000, 'costOfRevenue': 319000000, 'totalOtherIncomeExpenseNet': -19500000, 'discontinuedOperations': 25800000, 'netIncomeFromContinuingOps': 502000000, 'netIncomeApplicableToCommonShares': 528800000}}, {'2019-12-31': {'researchDevelopment': None, 'effectOfAccountingCharges': None, 'incomeBeforeTax': 505100000, 'minorityInterest': 9200000, 'netIncome': 432400000, 'sellingGeneralAdministrative': 317700000, 'grossProfit': 841600000, 'ebit': 523900000, 'operatingIncome': 523900000, 'otherOperatingExpenses': None, 'interestExpense': -20800000, 'extraordinaryItems': None, 'nonRecurring': None, 'otherItems': None, 'incomeTaxExpense': 89200000, 'totalRevenue': 1214700000, 'totalOperatingExpenses': 690800000, 'costOfRevenue': 373100000, 'totalOtherIncomeExpenseNet': -18800000, 'discontinuedOperations': 12500000, 'netIncomeFromContinuingOps': 415900000, 'netIncomeApplicableToCommonShares': 432400000}}, {'2018-12-31': {'researchDevelopment': None, 'effectOfAccountingCharges': None, 'incomeBeforeTax': 476200000, 'minorityInterest': 12800000, 'netIncome': 395100000, 'sellingGeneralAdministrative': 424000000, 'grossProfit': 915100000, 'ebit': 491100000, 'operatingIncome': 491100000, 'otherOperatingExpenses': None, 'interestExpense': -14900000, 'extraordinaryItems': None, 'nonRecurring': None, 'otherItems': None, 'incomeTaxExpense': 85700000, 'totalRevenue': 1265200000, 'totalOperatingExpenses': 774100000, 'costOfRevenue': 350100000, 'totalOtherIncomeExpenseNet': -14900000, 'discontinuedOperations': 12500000, 'netIncomeFromContinuingOps': 390500000, 'netIncomeApplicableToCommonShares': 395100000}}], 'ABDN': [{'2021-12-31': {'researchDevelopment': None, 'effectOfAccountingCharges': None, 'incomeBeforeTax': 1115000000, 'minorityInterest': 6000000, 'netIncome': 994000000, 'sellingGeneralAdministrative': 1197000000, 'grossProfit': 1543000000, 'ebit': 247000000, 'operatingIncome': 247000000, 'otherOperatingExpenses': None, 'interestExpense': -31000000, 'extraordinaryItems': None, 'nonRecurring': None, 'otherItems': None, 'incomeTaxExpense': 120000000, 'totalRevenue': 1685000000, 'totalOperatingExpenses': 1438000000, 'costOfRevenue': 142000000, 'totalOtherIncomeExpenseNet': 868000000, 'discontinuedOperations': None, 'netIncomeFromContinuingOps': 995000000, 'netIncomeApplicableToCommonShares': 994000000}}, {'2020-12-31': {'researchDevelopment': None, 'effectOfAccountingCharges': None, 'incomeBeforeTax': 838000000, 'minorityInterest': 3000000, 'netIncome': 833000000, 'sellingGeneralAdministrative': 1218000000, 'grossProfit': 1423000000, 'ebit': 75000000, 'operatingIncome': 75000000, 'otherOperatingExpenses': None, 'interestExpense': -32000000, 'extraordinaryItems': None, 'nonRecurring': None, 'otherItems': None, 'incomeTaxExpense': -15000000, 'totalRevenue': 1527000000, 'totalOperatingExpenses': 1452000000, 'costOfRevenue': 104000000, 'totalOtherIncomeExpenseNet': 763000000, 'discontinuedOperations': -15000000, 'netIncomeFromContinuingOps': 853000000, 'netIncomeApplicableToCommonShares': 833000000}}, {'2019-12-31': {'researchDevelopment': None, 'effectOfAccountingCharges': None, 'incomeBeforeTax': 243000000, 'minorityInterest': 102000000, 'netIncome': 266000000, 'sellingGeneralAdministrative': 1628000000, 'grossProfit': 3432000000, 'ebit': 1804000000, 'operatingIncome': 1804000000, 'otherOperatingExpenses': None, 'interestExpense': -41000000, 'extraordinaryItems': None, 'nonRecurring': None, 'otherItems': None, 'incomeTaxExpense': 28000000, 'totalRevenue': 3853000000, 'totalOperatingExpenses': 2049000000, 'costOfRevenue': 421000000, 'totalOtherIncomeExpenseNet': -1561000000, 'discontinuedOperations': 56000000, 'netIncomeFromContinuingOps': 215000000, 'netIncomeApplicableToCommonShares': 266000000}}, {'2018-12-31': {'researchDevelopment': None, 'effectOfAccountingCharges': None, 'incomeBeforeTax': -787000000, 'minorityInterest': 101000000, 'netIncome': 830000000, 'sellingGeneralAdministrative': 1693000000, 'grossProfit': 2208000000, 'ebit': 515000000, 'operatingIncome': 515000000, 'otherOperatingExpenses': None, 'interestExpense': -50000000, 'extraordinaryItems': None, 'nonRecurring': None, 'otherItems': None, 'incomeTaxExpense': 43000000, 'totalRevenue': 2131000000, 'totalOperatingExpenses': 1616000000, 'costOfRevenue': -77000000, 'totalOtherIncomeExpenseNet': -1302000000, 'discontinuedOperations': 1665000000, 'netIncomeFromContinuingOps': -830000000, 'netIncomeApplicableToCommonShares': 830000000}}], 'AAF': [{'2022-03-31': {'researchDevelopment': None, 'effectOfAccountingCharges': None, 'incomeBeforeTax': 1224000000, 'minorityInterest': 147000000, 'netIncome': 631000000, 'sellingGeneralAdministrative': 224000000, 'grossProfit': 2938000000, 'ebit': 1547000000, 'operatingIncome': 1547000000, 'otherOperatingExpenses': 423000000, 'interestExpense': -310000000, 'extraordinaryItems': None, 'nonRecurring': None, 'otherItems': None, 'incomeTaxExpense': 469000000, 'totalRevenue': 4724000000, 'totalOperatingExpenses': 3177000000, 'costOfRevenue': 1786000000, 'totalOtherIncomeExpenseNet': -323000000, 'discontinuedOperations': None, 'netIncomeFromContinuingOps': 755000000, 'netIncomeApplicableToCommonShares': 631000000}}, {'2021-03-31': {'researchDevelopment': None, 'effectOfAccountingCharges': None, 'incomeBeforeTax': 697000000, 'minorityInterest': -52000000, 'netIncome': 339000000, 'sellingGeneralAdministrative': 187000000, 'grossProfit': 2351000000, 'ebit': 1125000000, 'operatingIncome': 1125000000, 'otherOperatingExpenses': 358000000, 'interestExpense': -306000000, 'extraordinaryItems': None, 'nonRecurring': None, 'otherItems': None, 'incomeTaxExpense': 282000000, 'totalRevenue': 3919000000, 'totalOperatingExpenses': 2794000000, 'costOfRevenue': 1568000000, 'totalOtherIncomeExpenseNet': -428000000, 'discontinuedOperations': None, 'netIncomeFromContinuingOps': 415000000, 'netIncomeApplicableToCommonShares': 339000000}}, {'2020-03-31': {'researchDevelopment': None, 'effectOfAccountingCharges': None, 'incomeBeforeTax': 598000000, 'minorityInterest': -107000000, 'netIncome': 370000000, 'sellingGeneralAdministrative': 148000000, 'grossProfit': 1974000000, 'ebit': 926000000, 'operatingIncome': 926000000, 'otherOperatingExpenses': 295000000, 'interestExpense': -299000000, 'extraordinaryItems': None, 'nonRecurring': None, 'otherItems': None, 'incomeTaxExpense': 190000000, 'totalRevenue': 3439000000, 'totalOperatingExpenses': 2513000000, 'costOfRevenue': 1465000000, 'totalOtherIncomeExpenseNet': -328000000, 'discontinuedOperations': None, 'netIncomeFromContinuingOps': 408000000, 'netIncomeApplicableToCommonShares': 370000000}}, {'2019-03-31': {'researchDevelopment': None, 'effectOfAccountingCharges': None, 'incomeBeforeTax': 348000000, 'minorityInterest': -196000000, 'netIncome': 388000000, 'sellingGeneralAdministrative': 152000000, 'grossProfit': 1747000000, 'ebit': 780000000, 'operatingIncome': 780000000, 'otherOperatingExpenses': 283000000, 'interestExpense': -327000000, 'extraordinaryItems': None, 'nonRecurring': None, 'otherItems': None, 'incomeTaxExpense': -78000000, 'totalRevenue': 3103000000, 'totalOperatingExpenses': 2323000000, 'costOfRevenue': 1356000000, 'totalOtherIncomeExpenseNet': -432000000, 'discontinuedOperations': None, 'netIncomeFromContinuingOps': 426000000, 'netIncomeApplicableToCommonShares': 388000000}}], 'ANTO': [{'2021-12-31': {'researchDevelopment': None, 'effectOfAccountingCharges': None, 'incomeBeforeTax': 3477100000, 'minorityInterest': 2678800000, 'netIncome': 1290200000, 'sellingGeneralAdministrative': 550400000, 'grossProfit': 4349900000, 'ebit': 3426000000, 'operatingIncome': 3426000000, 'otherOperatingExpenses': 270300000, 'interestExpense': -63500000, 'extraordinaryItems': None, 'nonRecurring': None, 'otherItems': None, 'incomeTaxExpense': 1242300000, 'totalRevenue': 7470100000, 'totalOperatingExpenses': 4044100000, 'costOfRevenue': 3120200000, 'totalOtherIncomeExpenseNet': 51100000, 'discontinuedOperations': None, 'netIncomeFromContinuingOps': 2234800000, 'netIncomeApplicableToCommonShares': 1290200000}}, {'2020-12-31': {'researchDevelopment': None, 'effectOfAccountingCharges': None, 'incomeBeforeTax': 1413100000, 'minorityInterest': 2330500000, 'netIncome': 506400000, 'sellingGeneralAdministrative': 453900000, 'grossProfit': 2272400000, 'ebit': 1575500000, 'operatingIncome': 1575500000, 'otherOperatingExpenses': 157900000, 'interestExpense': -77200000, 'extraordinaryItems': None, 'nonRecurring': None, 'otherItems': None, 'incomeTaxExpense': 526500000, 'totalRevenue': 5129300000, 'totalOperatingExpenses': 3553800000, 'costOfRevenue': 2856900000, 'totalOtherIncomeExpenseNet': -162400000, 'discontinuedOperations': 7300000, 'netIncomeFromContinuingOps': 886600000, 'netIncomeApplicableToCommonShares': 506400000}}, {'2019-12-31': {'researchDevelopment': None, 'effectOfAccountingCharges': None, 'incomeBeforeTax': 1349200000, 'minorityInterest': 2017300000, 'netIncome': 501400000, 'sellingGeneralAdministrative': 445900000, 'grossProfit': 2000900000, 'ebit': 1353100000, 'operatingIncome': 1353100000, 'otherOperatingExpenses': 90900000, 'interestExpense': -111200000, 'extraordinaryItems': None, 'nonRecurring': None, 'otherItems': None, 'incomeTaxExpense': 506100000, 'totalRevenue': 4964500000, 'totalOperatingExpenses': 3611400000, 'costOfRevenue': 2963600000, 'totalOtherIncomeExpenseNet': -3899999, 'discontinuedOperations': 7300000, 'netIncomeFromContinuingOps': 843100000, 'netIncomeApplicableToCommonShares': 501400000}}, {'2018-12-31': {'researchDevelopment': None, 'effectOfAccountingCharges': None, 'incomeBeforeTax': 1252700000, 'minorityInterest': 2078700000, 'netIncome': 543700000, 'sellingGeneralAdministrative': 422700000, 'grossProfit': 1925400000, 'ebit': 1332300000, 'operatingIncome': 1332300000, 'otherOperatingExpenses': 72800000, 'interestExpense': -113500000, 'extraordinaryItems': None, 'nonRecurring': None, 'otherItems': None, 'incomeTaxExpense': 423700000, 'totalRevenue': 4733100000, 'totalOperatingExpenses': 3400800000, 'costOfRevenue': 2807700000, 'totalOtherIncomeExpenseNet': -79600000, 'discontinuedOperations': 51300000, 'netIncomeFromContinuingOps': 829000000, 'netIncomeApplicableToCommonShares': 543700000}}], 'AAL': [{'2021-12-31': {'researchDevelopment': None, 'effectOfAccountingCharges': None, 'incomeBeforeTax': 17629000000, 'minorityInterest': 6945000000, 'netIncome': 8562000000, 'sellingGeneralAdministrative': 6403000000, 'grossProfit': 28191000000, 'ebit': 17198000000, 'operatingIncome': 17198000000, 'otherOperatingExpenses': 1618000000, 'interestExpense': -394000000, 'extraordinaryItems': None, 'nonRecurring': None, 'otherItems': None, 'incomeTaxExpense': 5930000000, 'totalRevenue': 41554000000, 'totalOperatingExpenses': 24356000000, 'costOfRevenue': 13363000000, 'totalOtherIncomeExpenseNet': 431000000, 'discontinuedOperations': None, 'netIncomeFromContinuingOps': 11699000000, 'netIncomeApplicableToCommonShares': 8562000000}}, {'2020-12-31': {'researchDevelopment': None, 'effectOfAccountingCharges': None, 'incomeBeforeTax': 5464000000, 'minorityInterest': 6942000000, 'netIncome': 2089000000, 'sellingGeneralAdministrative': 5528000000, 'grossProfit': 15912000000, 'ebit': 6610000000, 'operatingIncome': 6610000000, 'otherOperatingExpenses': 982000000, 'interestExpense': -516000000, 'extraordinaryItems': None, 'nonRecurring': None, 'otherItems': None, 'incomeTaxExpense': 2136000000, 'totalRevenue': 25447000000, 'totalOperatingExpenses': 18837000000, 'costOfRevenue': 9535000000, 'totalOtherIncomeExpenseNet': -1146000000, 'discontinuedOperations': None, 'netIncomeFromContinuingOps': 3328000000, 'netIncomeApplicableToCommonShares': 2089000000}}, {'2019-12-31': {'researchDevelopment': None, 'effectOfAccountingCharges': None, 'incomeBeforeTax': 6146000000, 'minorityInterest': 6590000000, 'netIncome': 3547000000, 'sellingGeneralAdministrative': 5830000000, 'grossProfit': 16129000000, 'ebit': 6290000000, 'operatingIncome': 6290000000, 'otherOperatingExpenses': 951000000, 'interestExpense': -621000000, 'extraordinaryItems': None, 'nonRecurring': None, 'otherItems': None, 'incomeTaxExpense': 1564000000, 'totalRevenue': 29870000000, 'totalOperatingExpenses': 23580000000, 'costOfRevenue': 13741000000, 'totalOtherIncomeExpenseNet': -144000000, 'discontinuedOperations': None, 'netIncomeFromContinuingOps': 4582000000, 'netIncomeApplicableToCommonShares': 3547000000}}, {'2018-12-31': {'researchDevelopment': None, 'effectOfAccountingCharges': None, 'incomeBeforeTax': 6189000000, 'minorityInterest': 6234000000, 'netIncome': 3549000000, 'sellingGeneralAdministrative': 5426000000, 'grossProfit': 14166000000, 'ebit': 5186000000, 'operatingIncome': 5186000000, 'otherOperatingExpenses': 730000000, 'interestExpense': -610000000, 'extraordinaryItems': None, 'nonRecurring': None, 'otherItems': None, 'incomeTaxExpense': 1816000000, 'totalRevenue': 27610000000, 'totalOperatingExpenses': 22424000000, 'costOfRevenue': 13444000000, 'totalOtherIncomeExpenseNet': 1003000000, 'discontinuedOperations': None, 'netIncomeFromContinuingOps': 4373000000, 'netIncomeApplicableToCommonShares': 3549000000}}], 'AHT': [{'2022-04-30': {'researchDevelopment': None, 'effectOfAccountingCharges': None, 'incomeBeforeTax': 1668100000, 'minorityInterest': None, 'netIncome': 1251100000, 'sellingGeneralAdministrative': 1912600000, 'grossProfit': 7700800000, 'ebit': 1953800000, 'operatingIncome': 1953800000, 'otherOperatingExpenses': 2187800000, 'interestExpense': -279800000, 'extraordinaryItems': None, 'nonRecurring': None, 'otherItems': None, 'incomeTaxExpense': 417000000, 'totalRevenue': 7962300000, 'totalOperatingExpenses': 6008500000, 'costOfRevenue': 261500000, 'totalOtherIncomeExpenseNet': -285700000, 'discontinuedOperations': None, 'netIncomeFromContinuingOps': 1251100000, 'netIncomeApplicableToCommonShares': 1251100000}}, {'2021-04-30': {'researchDevelopment': None, 'effectOfAccountingCharges': None, 'incomeBeforeTax': 1235100000, 'minorityInterest': None, 'netIncome': 920100000, 'sellingGeneralAdministrative': 1569300000, 'grossProfit': 6274200000, 'ebit': 1510000000, 'operatingIncome': 1510000000, 'otherOperatingExpenses': 1668100000, 'interestExpense': -262900000, 'extraordinaryItems': None, 'nonRecurring': None, 'otherItems': None, 'incomeTaxExpense': 315000000, 'totalRevenue': 6638600000, 'totalOperatingExpenses': 5128600000, 'costOfRevenue': 364400000, 'totalOtherIncomeExpenseNet': -274900000, 'discontinuedOperations': None, 'netIncomeFromContinuingOps': 920100000, 'netIncomeApplicableToCommonShares': 920100000}}, {'2020-04-30': {'researchDevelopment': None, 'effectOfAccountingCharges': None, 'incomeBeforeTax': 982800000, 'minorityInterest': None, 'netIncome': 739700000, 'sellingGeneralAdministrative': 1222800000, 'grossProfit': 4823700000, 'ebit': 1231600000, 'operatingIncome': 1231600000, 'otherOperatingExpenses': 1226100000, 'interestExpense': -240800000, 'extraordinaryItems': None, 'nonRecurring': None, 'otherItems': None, 'incomeTaxExpense': 243100000, 'totalRevenue': 5053600000, 'totalOperatingExpenses': 3822000000, 'costOfRevenue': 229900000, 'totalOtherIncomeExpenseNet': -248800000, 'discontinuedOperations': None, 'netIncomeFromContinuingOps': 739700000, 'netIncomeApplicableToCommonShares': 739700000}}, {'2019-04-30': {'researchDevelopment': None, 'effectOfAccountingCharges': None, 'incomeBeforeTax': 1059500000, 'minorityInterest': None, 'netIncome': 796900000, 'sellingGeneralAdministrative': 1147800000, 'grossProfit': 4339900000, 'ebit': 1215900000, 'operatingIncome': 1215900000, 'otherOperatingExpenses': 1086500000, 'interestExpense': -153500000, 'extraordinaryItems': None, 'nonRecurring': None, 'otherItems': None, 'incomeTaxExpense': 262600000, 'totalRevenue': 4499600000, 'totalOperatingExpenses': 3283700000, 'costOfRevenue': 159700000, 'totalOtherIncomeExpenseNet': -156400000, 'discontinuedOperations': None, 'netIncomeFromContinuingOps': 796900000, 'netIncomeApplicableToCommonShares': 796900000}}], 'AZN': [{'2021-12-31': {'researchDevelopment': 8580000000, 'effectOfAccountingCharges': None, 'incomeBeforeTax': -265000000, 'minorityInterest': 19000000, 'netIncome': 112000000, 'sellingGeneralAdministrative': 14668000000, 'grossProfit': 27610000000, 'ebit': 4569000000, 'operatingIncome': 4569000000, 'otherOperatingExpenses': -207000000, 'interestExpense': -776000000, 'extraordinaryItems': None, 'nonRecurring': None, 'otherItems': None, 'incomeTaxExpense': -380000000, 'totalRevenue': 37417000000, 'totalOperatingExpenses': 32848000000, 'costOfRevenue': 9807000000, 'totalOtherIncomeExpenseNet': -4834000000, 'discontinuedOperations': None, 'netIncomeFromContinuingOps': 115000000, 'netIncomeApplicableToCommonShares': 112000000}}, {'2020-12-31': {'researchDevelopment': 6123000000, 'effectOfAccountingCharges': None, 'incomeBeforeTax': 3916000000, 'minorityInterest': 16000000, 'netIncome': 3196000000, 'sellingGeneralAdministrative': 11586000000, 'grossProfit': 21371000000, 'ebit': 4148000000, 'operatingIncome': 4148000000, 'otherOperatingExpenses': -486000000, 'interestExpense': -738000000, 'extraordinaryItems': None, 'nonRecurring': None, 'otherItems': None, 'incomeTaxExpense': 772000000, 'totalRevenue': 26617000000, 'totalOperatingExpenses': 22469000000, 'costOfRevenue': 5246000000, 'totalOtherIncomeExpenseNet': -232000000, 'discontinuedOperations': None, 'netIncomeFromContinuingOps': 3144000000, 'netIncomeApplicableToCommonShares': 3196000000}}, {'2019-12-31': {'researchDevelopment': 5349000000, 'effectOfAccountingCharges': None, 'incomeBeforeTax': 1548000000, 'minorityInterest': 1469000000, 'netIncome': 1335000000, 'sellingGeneralAdministrative': 11438000000, 'grossProfit': 19536000000, 'ebit': 3068000000, 'operatingIncome': 3068000000, 'otherOperatingExpenses': -319000000, 'interestExpense': -780000000, 'extraordinaryItems': None, 'nonRecurring': None, 'otherItems': None, 'incomeTaxExpense': 321000000, 'totalRevenue': 24384000000, 'totalOperatingExpenses': 21316000000, 'costOfRevenue': 4848000000, 'totalOtherIncomeExpenseNet': -1520000000, 'discontinuedOperations': None, 'netIncomeFromContinuingOps': 1227000000, 'netIncomeApplicableToCommonShares': 1335000000}}, {'2018-12-31': {'researchDevelopment': 5299000000, 'effectOfAccountingCharges': None, 'incomeBeforeTax': 1993000000, 'minorityInterest': 1576000000, 'netIncome': 2155000000, 'sellingGeneralAdministrative': 10822000000, 'grossProfit': 17586000000, 'ebit': 1731000000, 'operatingIncome': 1731000000, 'otherOperatingExpenses': -266000000, 'interestExpense': -744000000, 'extraordinaryItems': None, 'nonRecurring': None, 'otherItems': None, 'incomeTaxExpense': -57000000, 'totalRevenue': 22090000000, 'totalOperatingExpenses': 20359000000, 'costOfRevenue': 4504000000, 'totalOtherIncomeExpenseNet': 262000000, 'discontinuedOperations': None, 'netIncomeFromContinuingOps': 2050000000, 'netIncomeApplicableToCommonShares': 2155000000}}], 'ABF': [{'2021-09-18': {'researchDevelopment': None, 'effectOfAccountingCharges': None, 'incomeBeforeTax': 725000000, 'minorityInterest': 83000000, 'netIncome': 478000000, 'sellingGeneralAdministrative': 2256000000, 'grossProfit': 3131000000, 'ebit': 875000000, 'operatingIncome': 875000000, 'otherOperatingExpenses': None, 'interestExpense': -111000000, 'extraordinaryItems': None, 'nonRecurring': None, 'otherItems': None, 'incomeTaxExpense': 227000000, 'totalRevenue': 13884000000, 'totalOperatingExpenses': 13009000000, 'costOfRevenue': 10753000000, 'totalOtherIncomeExpenseNet': -150000000, 'discontinuedOperations': None, 'netIncomeFromContinuingOps': 498000000, 'netIncomeApplicableToCommonShares': 478000000}}, {'2020-09-12': {'researchDevelopment': None, 'effectOfAccountingCharges': None, 'incomeBeforeTax': 686000000, 'minorityInterest': 84000000, 'netIncome': 455000000, 'sellingGeneralAdministrative': 2244000000, 'grossProfit': 3137000000, 'ebit': 893000000, 'operatingIncome': 893000000, 'otherOperatingExpenses': None, 'interestExpense': -124000000, 'extraordinaryItems': None, 'nonRecurring': None, 'otherItems': None, 'incomeTaxExpense': 221000000, 'totalRevenue': 13937000000, 'totalOperatingExpenses': 13044000000, 'costOfRevenue': 10800000000, 'totalOtherIncomeExpenseNet': -207000000, 'discontinuedOperations': None, 'netIncomeFromContinuingOps': 465000000, 'netIncomeApplicableToCommonShares': 455000000}}, {'2019-09-14': {'researchDevelopment': None, 'effectOfAccountingCharges': None, 'incomeBeforeTax': 686000000, 'minorityInterest': 84000000, 'netIncome': 0, 'sellingGeneralAdministrative': 2244000000, 'grossProfit': 0, 'ebit': 0, 'operatingIncome': 893000000, 'otherOperatingExpenses': None, 'interestExpense': -124000000, 'extraordinaryItems': None, 'nonRecurring': None, 'otherItems': None, 'incomeTaxExpense': 0, 'totalRevenue': 0, 'totalOperatingExpenses': 0, 'costOfRevenue': 0, 'totalOtherIncomeExpenseNet': 0, 'discontinuedOperations': None, 'netIncomeFromContinuingOps': 465000000, 'netIncomeApplicableToCommonShares': 455000000}}, {'2019-09-14': {'researchDevelopment': None, 'effectOfAccountingCharges': None, 'incomeBeforeTax': 1173000000, 'minorityInterest': 98000000, 'netIncome': 878000000, 'sellingGeneralAdministrative': 2324000000, 'grossProfit': 3637000000, 'ebit': 1313000000, 'operatingIncome': 1313000000, 'otherOperatingExpenses': None, 'interestExpense': -42000000, 'extraordinaryItems': None, 'nonRecurring': None, 'otherItems': None, 'incomeTaxExpense': 277000000, 'totalRevenue': 15824000000, 'totalOperatingExpenses': 14511000000, 'costOfRevenue': 12187000000, 'totalOtherIncomeExpenseNet': -140000000, 'discontinuedOperations': None, 'netIncomeFromContinuingOps': 896000000, 'netIncomeApplicableToCommonShares': 878000000}}], 'AUTO': [{'2022-03-31': {'researchDevelopment': None, 'effectOfAccountingCharges': None, 'incomeBeforeTax': 301000000, 'minorityInterest': None, 'netIncome': 244700000, 'sellingGeneralAdministrative': 124400000, 'grossProfit': 432700000, 'ebit': 301100000, 'operatingIncome': 301100000, 'otherOperatingExpenses': None, 'interestExpense': -2700000, 'extraordinaryItems': None, 'nonRecurring': None, 'otherItems': None, 'incomeTaxExpense': 56300000, 'totalRevenue': 432700000, 'totalOperatingExpenses': 131600000, 'costOfRevenue': 0, 'totalOtherIncomeExpenseNet': -100000, 'discontinuedOperations': None, 'netIncomeFromContinuingOps': 244700000, 'netIncomeApplicableToCommonShares': 244700000}}, {'2021-03-31': {'researchDevelopment': None, 'effectOfAccountingCharges': None, 'incomeBeforeTax': 157400000, 'minorityInterest': None, 'netIncome': 127800000, 'sellingGeneralAdministrative': 97700000, 'grossProfit': 262800000, 'ebit': 158800000, 'operatingIncome': 158800000, 'otherOperatingExpenses': None, 'interestExpense': -3900000, 'extraordinaryItems': None, 'nonRecurring': None, 'otherItems': None, 'incomeTaxExpense': 29600000, 'totalRevenue': 262800000, 'totalOperatingExpenses': 104000000, 'costOfRevenue': 0, 'totalOtherIncomeExpenseNet': -1400000, 'discontinuedOperations': None, 'netIncomeFromContinuingOps': 127800000, 'netIncomeApplicableToCommonShares': 127800000}}, {'2020-03-31': {'researchDevelopment': None, 'effectOfAccountingCharges': None, 'incomeBeforeTax': 251500000, 'minorityInterest': None, 'netIncome': 205100000, 'sellingGeneralAdministrative': 106700000, 'grossProfit': 368900000, 'ebit': 255700000, 'operatingIncome': 255700000, 'otherOperatingExpenses': None, 'interestExpense': -7400000, 'extraordinaryItems': None, 'nonRecurring': None, 'otherItems': None, 'incomeTaxExpense': 46400000, 'totalRevenue': 368900000, 'totalOperatingExpenses': 113200000, 'costOfRevenue': 0, 'totalOtherIncomeExpenseNet': -4200000, 'discontinuedOperations': None, 'netIncomeFromContinuingOps': 205100000, 'netIncomeApplicableToCommonShares': 205100000}}, {'2019-03-31': {'researchDevelopment': None, 'effectOfAccountingCharges': None, 'incomeBeforeTax': 242200000, 'minorityInterest': None, 'netIncome': 197700000, 'sellingGeneralAdministrative': 103400000, 'grossProfit': 355100000, 'ebit': 242800000, 'operatingIncome': 242800000, 'otherOperatingExpenses': None, 'interestExpense': -10200000, 'extraordinaryItems': None, 'nonRecurring': None, 'otherItems': None, 'incomeTaxExpense': 44500000, 'totalRevenue': 355100000, 'totalOperatingExpenses': 112300000, 'costOfRevenue': 0, 'totalOtherIncomeExpenseNet': -600000, 'discontinuedOperations': None, 'netIncomeFromContinuingOps': 197700000, 'netIncomeApplicableToCommonShares': 197700000}}], 'AVST': None, 'AVV': [{'2022-03-31': {'researchDevelopment': 342800000, 'effectOfAccountingCharges': None, 'incomeBeforeTax': -18600000, 'minorityInterest': None, 'netIncome': -62600000, 'sellingGeneralAdministrative': 549500000, 'grossProfit': 953000000, 'ebit': 54000000, 'operatingIncome': 54000000, 'otherOperatingExpenses': None, 'interestExpense': -12000000, 'extraordinaryItems': None, 'nonRecurring': None, 'otherItems': None, 'incomeTaxExpense': 44000000, 'totalRevenue': 1185300000, 'totalOperatingExpenses': 1131300000, 'costOfRevenue': 232300000, 'totalOtherIncomeExpenseNet': -72600000, 'discontinuedOperations': None, 'netIncomeFromContinuingOps': -62600000, 'netIncomeApplicableToCommonShares': -62600000}}, {'2021-03-31': {'researchDevelopment': 184200000, 'effectOfAccountingCharges': None, 'incomeBeforeTax': 34200000, 'minorityInterest': None, 'netIncome': 24800000, 'sellingGeneralAdministrative': 337500000, 'grossProfit': 639900000, 'ebit': 114500000, 'operatingIncome': 114500000, 'otherOperatingExpenses': None, 'interestExpense': -3000000, 'extraordinaryItems': None, 'nonRecurring': None, 'otherItems': None, 'incomeTaxExpense': 9400000, 'totalRevenue': 820400000, 'totalOperatingExpenses': 705900000, 'costOfRevenue': 180500000, 'totalOtherIncomeExpenseNet': -80300000, 'discontinuedOperations': None, 'netIncomeFromContinuingOps': 24800000, 'netIncomeApplicableToCommonShares': 24800000}}, {'2020-03-31': {'researchDevelopment': 184200000, 'effectOfAccountingCharges': None, 'incomeBeforeTax': 92000000, 'minorityInterest': None, 'netIncome': 69800000, 'sellingGeneralAdministrative': 338300000, 'grossProfit': 643700000, 'ebit': 121200000, 'operatingIncome': 121200000, 'otherOperatingExpenses': None, 'interestExpense': -3100000, 'extraordinaryItems': None, 'nonRecurring': None, 'otherItems': None, 'incomeTaxExpense': 22200000, 'totalRevenue': 833800000, 'totalOperatingExpenses': 712600000, 'costOfRevenue': 190100000, 'totalOtherIncomeExpenseNet': -29200000, 'discontinuedOperations': None, 'netIncomeFromContinuingOps': 69800000, 'netIncomeApplicableToCommonShares': 69800000}}, {'2019-03-31': {'researchDevelopment': 176300000, 'effectOfAccountingCharges': None, 'incomeBeforeTax': 46700000, 'minorityInterest': None, 'netIncome': 33800000, 'sellingGeneralAdministrative': 316800000, 'grossProfit': 575300000, 'ebit': 82200000, 'operatingIncome': 82200000, 'otherOperatingExpenses': None, 'interestExpense': -500000, 'extraordinaryItems': None, 'nonRecurring': None, 'otherItems': None, 'incomeTaxExpense': 12900000, 'totalRevenue': 766600000, 'totalOperatingExpenses': 684400000, 'costOfRevenue': 191300000, 'totalOtherIncomeExpenseNet': -35500000, 'discontinuedOperations': None, 'netIncomeFromContinuingOps': 33800000, 'netIncomeApplicableToCommonShares': 33800000}}], 'AV.': [{'2021-12-31': {'researchDevelopment': None, 'effectOfAccountingCharges': None, 'incomeBeforeTax': 801000000, 'minorityInterest': 252000000, 'netIncome': 1966000000, 'sellingGeneralAdministrative': 13000000, 'grossProfit': 2847000000, 'ebit': 97000000, 'operatingIncome': 97000000, 'otherOperatingExpenses': 2737000000, 'interestExpense': -427000000, 'extraordinaryItems': None, 'nonRecurring': None, 'otherItems': None, 'incomeTaxExpense': 465000000, 'totalRevenue': 16662000000, 'totalOperatingExpenses': 16565000000, 'costOfRevenue': 13815000000, 'totalOtherIncomeExpenseNet': 704000000, 'discontinuedOperations': 1700000000, 'netIncomeFromContinuingOps': 336000000, 'netIncomeApplicableToCommonShares': 1949000000}}, {'2020-12-31': {'researchDevelopment': None, 'effectOfAccountingCharges': None, 'incomeBeforeTax': 1812000000, 'minorityInterest': 1006000000, 'netIncome': 2798000000, 'sellingGeneralAdministrative': 17000000, 'grossProfit': 4936000000, 'ebit': 2882000000, 'operatingIncome': 2882000000, 'otherOperatingExpenses': 2037000000, 'interestExpense': -466000000, 'extraordinaryItems': None, 'nonRecurring': None, 'otherItems': None, 'incomeTaxExpense': 346000000, 'totalRevenue': 25844000000, 'totalOperatingExpenses': 22962000000, 'costOfRevenue': 20908000000, 'totalOtherIncomeExpenseNet': -1070000000, 'discontinuedOperations': 1444000000, 'netIncomeFromContinuingOps': 1466000000, 'netIncomeApplicableToCommonShares': 2754000000}}, {'2019-12-31': {'researchDevelopment': None, 'effectOfAccountingCharges': None, 'incomeBeforeTax': 3821000000, 'minorityInterest': 977000000, 'netIncome': 2548000000, 'sellingGeneralAdministrative': 23000000, 'grossProfit': 11741000000, 'ebit': 4479000000, 'operatingIncome': 4479000000, 'otherOperatingExpenses': 7239000000, 'interestExpense': -473000000, 'extraordinaryItems': None, 'nonRecurring': None, 'otherItems': None, 'incomeTaxExpense': 1201000000, 'totalRevenue': 42955000000, 'totalOperatingExpenses': 38476000000, 'costOfRevenue': 31214000000, 'totalOtherIncomeExpenseNet': -658000000, 'discontinuedOperations': 43000000, 'netIncomeFromContinuingOps': 2620000000, 'netIncomeApplicableToCommonShares': 2497000000}}, {'2018-12-31': {'researchDevelopment': None, 'effectOfAccountingCharges': None, 'incomeBeforeTax': 1652000000, 'minorityInterest': 966000000, 'netIncome': 1568000000, 'sellingGeneralAdministrative': 22000000, 'grossProfit': 1768000000, 'ebit': 1348000000, 'operatingIncome': 1348000000, 'otherOperatingExpenses': 398000000, 'interestExpense': -491000000, 'extraordinaryItems': None, 'nonRecurring': None, 'otherItems': None, 'incomeTaxExpense': -35000000, 'totalRevenue': 22271000000, 'totalOperatingExpenses': 20923000000, 'costOfRevenue': 20503000000, 'totalOtherIncomeExpenseNet': 304000000, 'discontinuedOperations': 43000000, 'netIncomeFromContinuingOps': 1687000000, 'netIncomeApplicableToCommonShares': 1515000000}}], 'BME': [{'2022-03-26': {'researchDevelopment': None, 'effectOfAccountingCharges': None, 'incomeBeforeTax': 525000000, 'minorityInterest': None, 'netIncome': 422000000, 'sellingGeneralAdministrative': 1142000000, 'grossProfit': 1752000000, 'ebit': 610000000, 'operatingIncome': 610000000, 'otherOperatingExpenses': None, 'interestExpense': -88000000, 'extraordinaryItems': None, 'nonRecurring': None, 'otherItems': None, 'incomeTaxExpense': 103000000, 'totalRevenue': 4673000000, 'totalOperatingExpenses': 4063000000, 'costOfRevenue': 2921000000, 'totalOtherIncomeExpenseNet': -85000000, 'discontinuedOperations': None, 'netIncomeFromContinuingOps': 422000000, 'netIncomeApplicableToCommonShares': 422000000}}, {'2021-03-27': {'researchDevelopment': None, 'effectOfAccountingCharges': None, 'incomeBeforeTax': 525000000, 'minorityInterest': None, 'netIncome': 428000000, 'sellingGeneralAdministrative': 1157000000, 'grossProfit': 1763000000, 'ebit': 606000000, 'operatingIncome': 606000000, 'otherOperatingExpenses': None, 'interestExpense': -85000000, 'extraordinaryItems': None, 'nonRecurring': None, 'otherItems': None, 'incomeTaxExpense': 97000000, 'totalRevenue': 4801000000, 'totalOperatingExpenses': 4195000000, 'costOfRevenue': 3038000000, 'totalOtherIncomeExpenseNet': -81000000, 'discontinuedOperations': None, 'netIncomeFromContinuingOps': 428000000, 'netIncomeApplicableToCommonShares': 428000000}}, {'2020-03-28': {'researchDevelopment': None, 'effectOfAccountingCharges': None, 'incomeBeforeTax': 252023000, 'minorityInterest': None, 'netIncome': 90027000, 'sellingGeneralAdministrative': 964495000, 'grossProfit': 1289177000, 'ebit': 322249000, 'operatingIncome': 322249000, 'otherOperatingExpenses': None, 'interestExpense': -82015000, 'extraordinaryItems': None, 'nonRecurring': None, 'otherItems': None, 'incomeTaxExpense': 57246000, 'totalRevenue': 3813387000, 'totalOperatingExpenses': 3491138000, 'costOfRevenue': 2524210000, 'totalOtherIncomeExpenseNet': -70226000, 'discontinuedOperations': -113922000, 'netIncomeFromContinuingOps': 194777000, 'netIncomeApplicableToCommonShares': 90027000}}, {'2019-03-30': {'researchDevelopment': None, 'effectOfAccountingCharges': None, 'incomeBeforeTax': 244329000, 'minorityInterest': 9753000, 'netIncome': 193851000, 'sellingGeneralAdministrative': 799516000, 'grossProfit': 1120229000, 'ebit': 318737000, 'operatingIncome': 318737000, 'otherOperatingExpenses': None, 'interestExpense': -74601000, 'extraordinaryItems': None, 'nonRecurring': None, 'otherItems': None, 'incomeTaxExpense': 49220000, 'totalRevenue': 3272632000, 'totalOperatingExpenses': 2953895000, 'costOfRevenue': 2152403000, 'totalOtherIncomeExpenseNet': -74408000, 'discontinuedOperations': -3975000, 'netIncomeFromContinuingOps': 195109000, 'netIncomeApplicableToCommonShares': 193851000}}], 'BA.': [{'2021-12-31': {'researchDevelopment': None, 'effectOfAccountingCharges': None, 'incomeBeforeTax': 2110000000, 'minorityInterest': 232000000, 'netIncome': 1758000000, 'sellingGeneralAdministrative': 6640000000, 'grossProfit': 12468000000, 'ebit': 1844000000, 'operatingIncome': 1844000000, 'otherOperatingExpenses': 3283000000, 'interestExpense': -249000000, 'extraordinaryItems': None, 'nonRecurring': None, 'otherItems': None, 'incomeTaxExpense': 198000000, 'totalRevenue': 19521000000, 'totalOperatingExpenses': 17677000000, 'costOfRevenue': 7053000000, 'totalOtherIncomeExpenseNet': 266000000, 'discontinuedOperations': None, 'netIncomeFromContinuingOps': 1912000000, 'netIncomeApplicableToCommonShares': 1758000000}}, {'2020-12-31': {'researchDevelopment': None, 'effectOfAccountingCharges': None, 'incomeBeforeTax': 1596000000, 'minorityInterest': 278000000, 'netIncome': 1299000000, 'sellingGeneralAdministrative': 6681000000, 'grossProfit': 12413000000, 'ebit': 1713000000, 'operatingIncome': 1713000000, 'otherOperatingExpenses': 3348000000, 'interestExpense': -240000000, 'extraordinaryItems': None, 'nonRecurring': None, 'otherItems': None, 'incomeTaxExpense': 225000000, 'totalRevenue': 19277000000, 'totalOperatingExpenses': 17564000000, 'costOfRevenue': 6864000000, 'totalOtherIncomeExpenseNet': -117000000, 'discontinuedOperations': None, 'netIncomeFromContinuingOps': 1371000000, 'netIncomeApplicableToCommonShares': 1299000000}}, {'2019-12-31': {'researchDevelopment': None, 'effectOfAccountingCharges': None, 'incomeBeforeTax': 1626000000, 'minorityInterest': 104000000, 'netIncome': 1476000000, 'sellingGeneralAdministrative': 6457000000, 'grossProfit': 11803000000, 'ebit': 1647000000, 'operatingIncome': 1647000000, 'otherOperatingExpenses': 3087000000, 'interestExpense': -235000000, 'extraordinaryItems': None, 'nonRecurring': None, 'otherItems': None, 'incomeTaxExpense': 94000000, 'totalRevenue': 18305000000, 'totalOperatingExpenses': 16658000000, 'costOfRevenue': 6502000000, 'totalOtherIncomeExpenseNet': -21000000, 'discontinuedOperations': None, 'netIncomeFromContinuingOps': 1532000000, 'netIncomeApplicableToCommonShares': 1476000000}}, {'2018-12-31': {'researchDevelopment': None, 'effectOfAccountingCharges': None, 'incomeBeforeTax': 1224000000, 'minorityInterest': 72000000, 'netIncome': 1000000000, 'sellingGeneralAdministrative': 6203000000, 'grossProfit': 10898000000, 'ebit': 1527000000, 'operatingIncome': 1527000000, 'otherOperatingExpenses': 2821000000, 'interestExpense': -204000000, 'extraordinaryItems': None, 'nonRecurring': None, 'otherItems': None, 'incomeTaxExpense': 191000000, 'totalRevenue': 16821000000, 'totalOperatingExpenses': 15294000000, 'costOfRevenue': 5923000000, 'totalOtherIncomeExpenseNet': -303000000, 'discontinuedOperations': None, 'netIncomeFromContinuingOps': 1033000000, 'netIncomeApplicableToCommonShares': 1000000000}}], 'BARC': [{'2021-12-31': {'researchDevelopment': None, 'effectOfAccountingCharges': None, 'incomeBeforeTax': 8194000000, 'minorityInterest': 989000000, 'netIncome': 7009000000, 'sellingGeneralAdministrative': 13563000000, 'grossProfit': 22593000000, 'ebit': 0, 'operatingIncome': 9030000000, 'otherOperatingExpenses': None, 'interestExpense': None, 'extraordinaryItems': None, 'nonRecurring': None, 'otherItems': None, 'incomeTaxExpense': 1138000000, 'totalRevenue': 22593000000, 'totalOperatingExpenses': 13563000000, 'costOfRevenue': 0, 'totalOtherIncomeExpenseNet': -836000000, 'discontinuedOperations': None, 'netIncomeFromContinuingOps': 7056000000, 'netIncomeApplicableToCommonShares': 6205000000}}, {'2020-12-31': {'researchDevelopment': None, 'effectOfAccountingCharges': None, 'incomeBeforeTax': 3065000000, 'minorityInterest': 1085000000, 'netIncome': 2383000000, 'sellingGeneralAdministrative': 13437000000, 'grossProfit': 17060000000, 'ebit': 0, 'operatingIncome': 3623000000, 'otherOperatingExpenses': None, 'interestExpense': None, 'extraordinaryItems': None, 'nonRecurring': None, 'otherItems': None, 'incomeTaxExpense': 604000000, 'totalRevenue': 17060000000, 'totalOperatingExpenses': 13437000000, 'costOfRevenue': 0, 'totalOtherIncomeExpenseNet': -558000000, 'discontinuedOperations': None, 'netIncomeFromContinuingOps': 2461000000, 'netIncomeApplicableToCommonShares': 1526000000}}, {'2019-12-31': {'researchDevelopment': None, 'effectOfAccountingCharges': None, 'incomeBeforeTax': 4357000000, 'minorityInterest': 1231000000, 'netIncome': 3274000000, 'sellingGeneralAdministrative': 13420000000, 'grossProfit': 19730000000, 'ebit': 0, 'operatingIncome': 6310000000, 'otherOperatingExpenses': None, 'interestExpense': None, 'extraordinaryItems': None, 'nonRecurring': None, 'otherItems': None, 'incomeTaxExpense': 1003000000, 'totalRevenue': 19730000000, 'totalOperatingExpenses': 13420000000, 'costOfRevenue': 0, 'totalOtherIncomeExpenseNet': -1953000000, 'discontinuedOperations': None, 'netIncomeFromContinuingOps': 3354000000, 'netIncomeApplicableToCommonShares': 2461000000}}, {'2018-12-31': {'researchDevelopment': None, 'effectOfAccountingCharges': None, 'incomeBeforeTax': 3494000000, 'minorityInterest': 1223000000, 'netIncome': 2349000000, 'sellingGeneralAdministrative': 13894000000, 'grossProfit': 19668000000, 'ebit': 0, 'operatingIncome': 5774000000, 'otherOperatingExpenses': None, 'interestExpense': None, 'extraordinaryItems': None, 'nonRecurring': None, 'otherItems': None, 'incomeTaxExpense': 911000000, 'totalRevenue': 19668000000, 'totalOperatingExpenses': 13894000000, 'costOfRevenue': 0, 'totalOtherIncomeExpenseNet': -2280000000, 'discontinuedOperations': None, 'netIncomeFromContinuingOps': 2583000000, 'netIncomeApplicableToCommonShares': 1597000000}}], 'BKG': [{'2022-04-30': {'researchDevelopment': None, 'effectOfAccountingCharges': None, 'incomeBeforeTax': 551500000, 'minorityInterest': None, 'netIncome': 482400000, 'sellingGeneralAdministrative': 156900000, 'grossProfit': 664800000, 'ebit': 507900000, 'operatingIncome': 507900000, 'otherOperatingExpenses': None, 'interestExpense': -15000000, 'extraordinaryItems': None, 'nonRecurring': None, 'otherItems': None, 'incomeTaxExpense': 69100000, 'totalRevenue': 2348000000, 'totalOperatingExpenses': 1840100000, 'costOfRevenue': 1683200000, 'totalOtherIncomeExpenseNet': 43600000, 'discontinuedOperations': None, 'netIncomeFromContinuingOps': 482400000, 'netIncomeApplicableToCommonShares': 482400000}}, {'2021-04-30': {'researchDevelopment': None, 'effectOfAccountingCharges': None, 'incomeBeforeTax': 518100000, 'minorityInterest': None, 'netIncome': 422700000, 'sellingGeneralAdministrative': 133000000, 'grossProfit': 635300000, 'ebit': 502300000, 'operatingIncome': 502300000, 'otherOperatingExpenses': None, 'interestExpense': -9600000, 'extraordinaryItems': None, 'nonRecurring': None, 'otherItems': None, 'incomeTaxExpense': 95400000, 'totalRevenue': 2202200000, 'totalOperatingExpenses': 1699900000, 'costOfRevenue': 1566900000, 'totalOtherIncomeExpenseNet': 15800000, 'discontinuedOperations': None, 'netIncomeFromContinuingOps': 422700000, 'netIncomeApplicableToCommonShares': 422700000}}, {'2020-04-30': {'researchDevelopment': None, 'effectOfAccountingCharges': None, 'incomeBeforeTax': 503700000, 'minorityInterest': None, 'netIncome': 410100000, 'sellingGeneralAdministrative': 167700000, 'grossProfit': 637400000, 'ebit': 469700000, 'operatingIncome': 469700000, 'otherOperatingExpenses': None, 'interestExpense': -11700000, 'extraordinaryItems': None, 'nonRecurring': None, 'otherItems': None, 'incomeTaxExpense': 93600000, 'totalRevenue': 1920400000, 'totalOperatingExpenses': 1450700000, 'costOfRevenue': 1283000000, 'totalOtherIncomeExpenseNet': 34000000, 'discontinuedOperations': None, 'netIncomeFromContinuingOps': 410100000, 'netIncomeApplicableToCommonShares': 410100000}}, {'2019-04-30': {'researchDevelopment': None, 'effectOfAccountingCharges': None, 'incomeBeforeTax': 775200000, 'minorityInterest': None, 'netIncome': 627400000, 'sellingGeneralAdministrative': 157800000, 'grossProfit': 926200000, 'ebit': 768400000, 'operatingIncome': 768400000, 'otherOperatingExpenses': None, 'interestExpense': -12700000, 'extraordinaryItems': None, 'nonRecurring': None, 'otherItems': None, 'incomeTaxExpense': 147800000, 'totalRevenue': 2957400000, 'totalOperatingExpenses': 2189000000, 'costOfRevenue': 2031200000, 'totalOtherIncomeExpenseNet': 6800000, 'discontinuedOperations': None, 'netIncomeFromContinuingOps': 627400000, 'netIncomeApplicableToCommonShares': 627400000}}], 'BDEV': [{'2022-06-30': {'researchDevelopment': None, 'effectOfAccountingCharges': None, 'incomeBeforeTax': 642300000, 'minorityInterest': 800000, 'netIncome': 515100000, 'sellingGeneralAdministrative': 251900000, 'grossProfit': 1305900000, 'ebit': 1054000000, 'operatingIncome': 1054000000, 'otherOperatingExpenses': None, 'interestExpense': -30100000, 'extraordinaryItems': None, 'nonRecurring': None, 'otherItems': None, 'incomeTaxExpense': 127100000, 'totalRevenue': 5267900000, 'totalOperatingExpenses': 4213900000, 'costOfRevenue': 3962000000, 'totalOtherIncomeExpenseNet': -411700000, 'discontinuedOperations': None, 'netIncomeFromContinuingOps': 515200000, 'netIncomeApplicableToCommonShares': 515100000}}, {'2021-06-30': {'researchDevelopment': None, 'effectOfAccountingCharges': None, 'incomeBeforeTax': 812200000, 'minorityInterest': 1100000, 'netIncome': 659800000, 'sellingGeneralAdministrative': 225600000, 'grossProfit': 1127000000, 'ebit': 925900000, 'operatingIncome': 925900000, 'otherOperatingExpenses': -24500000, 'interestExpense': -28000000, 'extraordinaryItems': None, 'nonRecurring': None, 'otherItems': None, 'incomeTaxExpense': 152100000, 'totalRevenue': 4811700000, 'totalOperatingExpenses': 3885800000, 'costOfRevenue': 3684700000, 'totalOtherIncomeExpenseNet': -113700000, 'discontinuedOperations': None, 'netIncomeFromContinuingOps': 660100000, 'netIncomeApplicableToCommonShares': 659800000}}, {'2020-06-30': {'researchDevelopment': None, 'effectOfAccountingCharges': None, 'incomeBeforeTax': 491800000, 'minorityInterest': 1400000, 'netIncome': 399700000, 'sellingGeneralAdministrative': 155100000, 'grossProfit': 713900000, 'ebit': 587800000, 'operatingIncome': 587800000, 'otherOperatingExpenses': -29000000, 'interestExpense': -35000000, 'extraordinaryItems': None, 'nonRecurring': None, 'otherItems': None, 'incomeTaxExpense': 89100000, 'totalRevenue': 3419200000, 'totalOperatingExpenses': 2831400000, 'costOfRevenue': 2705300000, 'totalOtherIncomeExpenseNet': -96000000, 'discontinuedOperations': None, 'netIncomeFromContinuingOps': 402700000, 'netIncomeApplicableToCommonShares': 399700000}}, {'2019-06-30': {'researchDevelopment': None, 'effectOfAccountingCharges': None, 'incomeBeforeTax': 909800000, 'minorityInterest': 6900000, 'netIncome': 740000000, 'sellingGeneralAdministrative': 184300000, 'grossProfit': 1087400000, 'ebit': 903100000, 'operatingIncome': 903100000, 'otherOperatingExpenses': -29000000, 'interestExpense': -35900000, 'extraordinaryItems': None, 'nonRecurring': None, 'otherItems': None, 'incomeTaxExpense': 170400000, 'totalRevenue': 4763100000, 'totalOperatingExpenses': 3860000000, 'costOfRevenue': 3675700000, 'totalOtherIncomeExpenseNet': 6700000, 'discontinuedOperations': None, 'netIncomeFromContinuingOps': 739400000, 'netIncomeApplicableToCommonShares': 740000000}}], 'BP.': [{'2021-12-31': {'researchDevelopment': None, 'effectOfAccountingCharges': None, 'incomeBeforeTax': 15227000000, 'minorityInterest': 14976000000, 'netIncome': 7565000000, 'sellingGeneralAdministrative': 11929000000, 'grossProfit': 38090000000, 'ebit': 13008000000, 'operatingIncome': 13008000000, 'otherOperatingExpenses': 377000000, 'interestExpense': -1821000000, 'extraordinaryItems': None, 'nonRecurring': None, 'otherItems': None, 'incomeTaxExpense': 6740000000, 'totalRevenue': 156786000000, 'totalOperatingExpenses': 143778000000, 'costOfRevenue': 118696000000, 'totalOtherIncomeExpenseNet': 2219000000, 'discontinuedOperations': None, 'netIncomeFromContinuingOps': 8487000000, 'netIncomeApplicableToCommonShares': 7563000000}}, {'2020-12-31': {'researchDevelopment': None, 'effectOfAccountingCharges': None, 'incomeBeforeTax': -24888000000, 'minorityInterest': 14318000000, 'netIncome': -20305000000, 'sellingGeneralAdministrative': 10430000000, 'grossProfit': 25751000000, 'ebit': -22063000000, 'operatingIncome': -22063000000, 'otherOperatingExpenses': 437000000, 'interestExpense': -2158000000, 'extraordinaryItems': None, 'nonRecurring': None, 'otherItems': None, 'incomeTaxExpense': -4159000000, 'totalRevenue': 105672000000, 'totalOperatingExpenses': 127735000000, 'costOfRevenue': 79921000000, 'totalOtherIncomeExpenseNet': -2825000000, 'discontinuedOperations': None, 'netIncomeFromContinuingOps': -20729000000, 'netIncomeApplicableToCommonShares': -20306000000}}, {'2019-12-31': {'researchDevelopment': None, 'effectOfAccountingCharges': None, 'incomeBeforeTax': 8154000000, 'minorityInterest': 2296000000, 'netIncome': 4026000000, 'sellingGeneralAdministrative': 11120000000, 'grossProfit': 46031000000, 'ebit': 15660000000, 'operatingIncome': 15660000000, 'otherOperatingExpenses': 505000000, 'interestExpense': -2415000000, 'extraordinaryItems': None, 'nonRecurring': None, 'otherItems': None, 'incomeTaxExpense': 3964000000, 'totalRevenue': 158109000000, 'totalOperatingExpenses': 142449000000, 'costOfRevenue': 112078000000, 'totalOtherIncomeExpenseNet': -7506000000, 'discontinuedOperations': None, 'netIncomeFromContinuingOps': 4190000000, 'netIncomeApplicableToCommonShares': 4025000000}}, {'2018-12-31': {'researchDevelopment': None, 'effectOfAccountingCharges': None, 'incomeBeforeTax': 16723000000, 'minorityInterest': 2104000000, 'netIncome': 9383000000, 'sellingGeneralAdministrative': 12306000000, 'grossProfit': 45364000000, 'ebit': 15809000000, 'operatingIncome': 15809000000, 'otherOperatingExpenses': 210000000, 'interestExpense': -1779000000, 'extraordinaryItems': None, 'nonRecurring': None, 'otherItems': None, 'incomeTaxExpense': 7145000000, 'totalRevenue': 297533000000, 'totalOperatingExpenses': 281724000000, 'costOfRevenue': 252169000000, 'totalOtherIncomeExpenseNet': 914000000, 'discontinuedOperations': None, 'netIncomeFromContinuingOps': 9578000000, 'netIncomeApplicableToCommonShares': 9382000000}}], 'BATS': [{'2021-12-31': {'researchDevelopment': None, 'effectOfAccountingCharges': None, 'incomeBeforeTax': 9163000000, 'minorityInterest': 300000000, 'netIncome': 6801000000, 'sellingGeneralAdministrative': 3808000000, 'grossProfit': 21087000000, 'ebit': 11000000000, 'operatingIncome': 11000000000, 'otherOperatingExpenses': 5341000000, 'interestExpense': -1504000000, 'extraordinaryItems': None, 'nonRecurring': None, 'otherItems': None, 'incomeTaxExpense': 2189000000, 'totalRevenue': 25684000000, 'totalOperatingExpenses': 14684000000, 'costOfRevenue': 4597000000, 'totalOtherIncomeExpenseNet': -1837000000, 'discontinuedOperations': None, 'netIncomeFromContinuingOps': 6974000000, 'netIncomeApplicableToCommonShares': 6789000000}}, {'2020-12-31': {'researchDevelopment': None, 'effectOfAccountingCharges': None, 'incomeBeforeTax': 8672000000, 'minorityInterest': 282000000, 'netIncome': 6400000000, 'sellingGeneralAdministrative': 3760000000, 'grossProfit': 21329000000, 'ebit': 11048000000, 'operatingIncome': 11048000000, 'otherOperatingExpenses': 5536000000, 'interestExpense': -1811000000, 'extraordinaryItems': None, 'nonRecurring': None, 'otherItems': None, 'incomeTaxExpense': 2108000000, 'totalRevenue': 25776000000, 'totalOperatingExpenses': 14728000000, 'costOfRevenue': 4447000000, 'totalOtherIncomeExpenseNet': -2376000000, 'discontinuedOperations': None, 'netIncomeFromContinuingOps': 6564000000, 'netIncomeApplicableToCommonShares': 6400000000}}, {'2019-12-31': {'researchDevelopment': None, 'effectOfAccountingCharges': None, 'incomeBeforeTax': 7912000000, 'minorityInterest': 258000000, 'netIncome': 5704000000, 'sellingGeneralAdministrative': 2874000000, 'grossProfit': 21416000000, 'ebit': 10413000000, 'operatingIncome': 10413000000, 'otherOperatingExpenses': 7135000000, 'interestExpense': -1788000000, 'extraordinaryItems': None, 'nonRecurring': None, 'otherItems': None, 'incomeTaxExpense': 2063000000, 'totalRevenue': 25877000000, 'totalOperatingExpenses': 15464000000, 'costOfRevenue': 4461000000, 'totalOtherIncomeExpenseNet': -2501000000, 'discontinuedOperations': None, 'netIncomeFromContinuingOps': 5849000000, 'netIncomeApplicableToCommonShares': 5704000000}}, {'2018-12-31': {'researchDevelopment': None, 'effectOfAccountingCharges': None, 'incomeBeforeTax': 8351000000, 'minorityInterest': 244000000, 'netIncome': 6032000000, 'sellingGeneralAdministrative': 3000000000, 'grossProfit': 19895000000, 'ebit': 10032000000, 'operatingIncome': 10032000000, 'otherOperatingExpenses': 6063000000, 'interestExpense': -1634000000, 'extraordinaryItems': None, 'nonRecurring': None, 'otherItems': None, 'incomeTaxExpense': 2141000000, 'totalRevenue': 24492000000, 'totalOperatingExpenses': 14460000000, 'costOfRevenue': 4597000000, 'totalOtherIncomeExpenseNet': -1681000000, 'discontinuedOperations': None, 'netIncomeFromContinuingOps': 6210000000, 'netIncomeApplicableToCommonShares': 6032000000}}], 'BLND': [{'2022-03-31': {'researchDevelopment': None, 'effectOfAccountingCharges': None, 'incomeBeforeTax': 958000000, 'minorityInterest': 15000000, 'netIncome': 958000000, 'sellingGeneralAdministrative': 88000000, 'grossProfit': 363000000, 'ebit': 275000000, 'operatingIncome': 275000000, 'otherOperatingExpenses': None, 'interestExpense': -84000000, 'extraordinaryItems': None, 'nonRecurring': None, 'otherItems': None, 'incomeTaxExpense': -2000000, 'totalRevenue': 492000000, 'totalOperatingExpenses': 217000000, 'costOfRevenue': 129000000, 'totalOtherIncomeExpenseNet': 683000000, 'discontinuedOperations': None, 'netIncomeFromContinuingOps': 960000000, 'netIncomeApplicableToCommonShares': 958000000}}, {'2021-03-31': {'researchDevelopment': None, 'effectOfAccountingCharges': None, 'incomeBeforeTax': -1053000000, 'minorityInterest': 59000000, 'netIncome': -1031000000, 'sellingGeneralAdministrative': 74000000, 'grossProfit': 340000000, 'ebit': 266000000, 'operatingIncome': 266000000, 'otherOperatingExpenses': None, 'interestExpense': -93000000, 'extraordinaryItems': None, 'nonRecurring': None, 'otherItems': None, 'incomeTaxExpense': 30000000, 'totalRevenue': 520000000, 'totalOperatingExpenses': 254000000, 'costOfRevenue': 180000000, 'totalOtherIncomeExpenseNet': -1319000000, 'discontinuedOperations': None, 'netIncomeFromContinuingOps': -1083000000, 'netIncomeApplicableToCommonShares': -1031000000}}, {'2020-03-31': {'researchDevelopment': None, 'effectOfAccountingCharges': None, 'incomeBeforeTax': -1116000000, 'minorityInterest': 112000000, 'netIncome': -1027000000, 'sellingGeneralAdministrative': 73000000, 'grossProfit': 452000000, 'ebit': 379000000, 'operatingIncome': 379000000, 'otherOperatingExpenses': None, 'interestExpense': -97000000, 'extraordinaryItems': None, 'nonRecurring': None, 'otherItems': None, 'incomeTaxExpense': -2000000, 'totalRevenue': 670000000, 'totalOperatingExpenses': 291000000, 'costOfRevenue': 218000000, 'totalOtherIncomeExpenseNet': -1495000000, 'discontinuedOperations': None, 'netIncomeFromContinuingOps': -1114000000, 'netIncomeApplicableToCommonShares': -1027000000}}, {'2019-03-31': {'researchDevelopment': None, 'effectOfAccountingCharges': None, 'incomeBeforeTax': -319000000, 'minorityInterest': 211000000, 'netIncome': -291000000, 'sellingGeneralAdministrative': 80000000, 'grossProfit': 572000000, 'ebit': 492000000, 'operatingIncome': 492000000, 'otherOperatingExpenses': None, 'interestExpense': -96000000, 'extraordinaryItems': None, 'nonRecurring': None, 'otherItems': None, 'incomeTaxExpense': 1000000, 'totalRevenue': 971000000, 'totalOperatingExpenses': 479000000, 'costOfRevenue': 399000000, 'totalOtherIncomeExpenseNet': -811000000, 'discontinuedOperations': None, 'netIncomeFromContinuingOps': -320000000, 'netIncomeApplicableToCommonShares': -291000000}}], 'BNZL': [{'2021-12-31': {'researchDevelopment': None, 'effectOfAccountingCharges': None, 'incomeBeforeTax': 568700000, 'minorityInterest': None, 'netIncome': 442800000, 'sellingGeneralAdministrative': 941700000, 'grossProfit': 2522600000, 'ebit': 644700000, 'operatingIncome': 644700000, 'otherOperatingExpenses': 663200000, 'interestExpense': -62800000, 'extraordinaryItems': None, 'nonRecurring': None, 'otherItems': None, 'incomeTaxExpense': 125900000, 'totalRevenue': 10285100000, 'totalOperatingExpenses': 9640400000, 'costOfRevenue': 7762500000, 'totalOtherIncomeExpenseNet': -76000000, 'discontinuedOperations': None, 'netIncomeFromContinuingOps': 442800000, 'netIncomeApplicableToCommonShares': 442800000}}, {'2020-12-31': {'researchDevelopment': None, 'effectOfAccountingCharges': None, 'incomeBeforeTax': 555700000, 'minorityInterest': None, 'netIncome': 430000000, 'sellingGeneralAdministrative': 943800000, 'grossProfit': 2584800000, 'ebit': 678100000, 'operatingIncome': 678100000, 'otherOperatingExpenses': 674900000, 'interestExpense': -70000000, 'extraordinaryItems': None, 'nonRecurring': None, 'otherItems': None, 'incomeTaxExpense': 125700000, 'totalRevenue': 10111100000, 'totalOperatingExpenses': 9433000000, 'costOfRevenue': 7526300000, 'totalOtherIncomeExpenseNet': -122400000, 'discontinuedOperations': None, 'netIncomeFromContinuingOps': 430000000, 'netIncomeApplicableToCommonShares': 430000000}}, {'2019-12-31': {'researchDevelopment': None, 'effectOfAccountingCharges': None, 'incomeBeforeTax': 453300000, 'minorityInterest': None, 'netIncome': 349200000, 'sellingGeneralAdministrative': 882000000, 'grossProfit': 2293500000, 'ebit': 540200000, 'operatingIncome': 540200000, 'otherOperatingExpenses': 598000000, 'interestExpense': -85200000, 'extraordinaryItems': None, 'nonRecurring': None, 'otherItems': None, 'incomeTaxExpense': 104100000, 'totalRevenue': 9326700000, 'totalOperatingExpenses': 8786500000, 'costOfRevenue': 7033200000, 'totalOtherIncomeExpenseNet': -86900000, 'discontinuedOperations': None, 'netIncomeFromContinuingOps': 349200000, 'netIncomeApplicableToCommonShares': 349200000}}, {'2018-12-31': {'researchDevelopment': None, 'effectOfAccountingCharges': None, 'incomeBeforeTax': 424800000, 'minorityInterest': None, 'netIncome': 326500000, 'sellingGeneralAdministrative': 1006100000, 'grossProfit': 2227600000, 'ebit': 500200000, 'operatingIncome': 500200000, 'otherOperatingExpenses': 574100000, 'interestExpense': -64500000, 'extraordinaryItems': None, 'nonRecurring': None, 'otherItems': None, 'incomeTaxExpense': 98300000, 'totalRevenue': 9079400000, 'totalOperatingExpenses': 8579200000, 'costOfRevenue': 6851800000, 'totalOtherIncomeExpenseNet': -75400000, 'discontinuedOperations': None, 'netIncomeFromContinuingOps': 326500000, 'netIncomeApplicableToCommonShares': 326500000}}], 'BRBY': [{'2022-04-02': {'researchDevelopment': None, 'effectOfAccountingCharges': None, 'incomeBeforeTax': 511000000, 'minorityInterest': 4000000, 'netIncome': 396000000, 'sellingGeneralAdministrative': 1490000000, 'grossProfit': 1995000000, 'ebit': 523000000, 'operatingIncome': 523000000, 'otherOperatingExpenses': -18000000, 'interestExpense': -31000000, 'extraordinaryItems': None, 'nonRecurring': None, 'otherItems': None, 'incomeTaxExpense': 114000000, 'totalRevenue': 2826000000, 'totalOperatingExpenses': 2303000000, 'costOfRevenue': 831000000, 'totalOtherIncomeExpenseNet': -12000000, 'discontinuedOperations': None, 'netIncomeFromContinuingOps': 397000000, 'netIncomeApplicableToCommonShares': 396000000}}, {'2021-03-27': {'researchDevelopment': None, 'effectOfAccountingCharges': None, 'incomeBeforeTax': 490000000, 'minorityInterest': 3000000, 'netIncome': 376000000, 'sellingGeneralAdministrative': 1260000000, 'grossProfit': 1640000000, 'ebit': 414000000, 'operatingIncome': 414000000, 'otherOperatingExpenses': -34000000, 'interestExpense': -30000000, 'extraordinaryItems': None, 'nonRecurring': None, 'otherItems': None, 'incomeTaxExpense': 114000000, 'totalRevenue': 2344000000, 'totalOperatingExpenses': 1930000000, 'costOfRevenue': 704000000, 'totalOtherIncomeExpenseNet': 76000000, 'discontinuedOperations': None, 'netIncomeFromContinuingOps': 376000000, 'netIncomeApplicableToCommonShares': 376000000}}, {'2020-03-28': {'researchDevelopment': None, 'effectOfAccountingCharges': None, 'incomeBeforeTax': 168500000, 'minorityInterest': 4600000, 'netIncome': 121700000, 'sellingGeneralAdministrative': 1359500000, 'grossProfit': 1773800000, 'ebit': 438100000, 'operatingIncome': 438100000, 'otherOperatingExpenses': -23800000, 'interestExpense': -25500000, 'extraordinaryItems': None, 'nonRecurring': None, 'otherItems': None, 'incomeTaxExpense': 46900000, 'totalRevenue': 2633100000, 'totalOperatingExpenses': 2195000000, 'costOfRevenue': 859300000, 'totalOtherIncomeExpenseNet': -269600000, 'discontinuedOperations': None, 'netIncomeFromContinuingOps': 121600000, 'netIncomeApplicableToCommonShares': 121700000}}, {'2019-03-30': {'researchDevelopment': None, 'effectOfAccountingCharges': None, 'incomeBeforeTax': 440600000, 'minorityInterest': 5000000, 'netIncome': 339300000, 'sellingGeneralAdministrative': 1422700000, 'grossProfit': 1860800000, 'ebit': 445000000, 'operatingIncome': 445000000, 'otherOperatingExpenses': -6900000, 'interestExpense': -600000, 'extraordinaryItems': None, 'nonRecurring': None, 'otherItems': None, 'incomeTaxExpense': 101500000, 'totalRevenue': 2720200000, 'totalOperatingExpenses': 2275200000, 'costOfRevenue': 859400000, 'totalOtherIncomeExpenseNet': -4400000, 'discontinuedOperations': None, 'netIncomeFromContinuingOps': 339100000, 'netIncomeApplicableToCommonShares': 339300000}}], 'CNA': [{'2021-12-31': {'researchDevelopment': None, 'effectOfAccountingCharges': None, 'incomeBeforeTax': 767000000, 'minorityInterest': 385000000, 'netIncome': 1210000000, 'sellingGeneralAdministrative': 749000000, 'grossProfit': 1411000000, 'ebit': 244000000, 'operatingIncome': 244000000, 'otherOperatingExpenses': None, 'interestExpense': -196000000, 'extraordinaryItems': None, 'nonRecurring': None, 'otherItems': None, 'incomeTaxExpense': 218000000, 'totalRevenue': 14744000000, 'totalOperatingExpenses': 14500000000, 'costOfRevenue': 13333000000, 'totalOtherIncomeExpenseNet': 523000000, 'discontinuedOperations': 624000000, 'netIncomeFromContinuingOps': 549000000, 'netIncomeApplicableToCommonShares': 1210000000}}, {'2020-12-31': {'researchDevelopment': None, 'effectOfAccountingCharges': None, 'incomeBeforeTax': -577000000, 'minorityInterest': 425000000, 'netIncome': 41000000, 'sellingGeneralAdministrative': 685000000, 'grossProfit': 3080000000, 'ebit': 1842000000, 'operatingIncome': 1842000000, 'otherOperatingExpenses': None, 'interestExpense': -226000000, 'extraordinaryItems': None, 'nonRecurring': None, 'otherItems': None, 'incomeTaxExpense': -145000000, 'totalRevenue': 12249000000, 'totalOperatingExpenses': 10407000000, 'costOfRevenue': 9169000000, 'totalOtherIncomeExpenseNet': -2419000000, 'discontinuedOperations': 315000000, 'netIncomeFromContinuingOps': -432000000, 'netIncomeApplicableToCommonShares': 41000000}}, {'2019-12-31': {'researchDevelopment': None, 'effectOfAccountingCharges': None, 'incomeBeforeTax': -1034000000, 'minorityInterest': 583000000, 'netIncome': -1023000000, 'sellingGeneralAdministrative': 954000000, 'grossProfit': 4636000000, 'ebit': 2576000000, 'operatingIncome': 2576000000, 'otherOperatingExpenses': 661000000, 'interestExpense': -264000000, 'extraordinaryItems': None, 'nonRecurring': None, 'otherItems': None, 'incomeTaxExpense': 10000000, 'totalRevenue': 12994000000, 'totalOperatingExpenses': 10418000000, 'costOfRevenue': 8358000000, 'totalOtherIncomeExpenseNet': -3610000000, 'discontinuedOperations': -59000000, 'netIncomeFromContinuingOps': -1044000000, 'netIncomeApplicableToCommonShares': -1023000000}}, {'2018-12-31': {'researchDevelopment': None, 'effectOfAccountingCharges': None, 'incomeBeforeTax': 575000000, 'minorityInterest': 803000000, 'netIncome': 183000000, 'sellingGeneralAdministrative': 1265000000, 'grossProfit': 6984000000, 'ebit': 4263000000, 'operatingIncome': 4263000000, 'otherOperatingExpenses': 1059000000, 'interestExpense': -300000000, 'extraordinaryItems': None, 'nonRecurring': None, 'otherItems': None, 'incomeTaxExpense': 333000000, 'totalRevenue': 23304000000, 'totalOperatingExpenses': 19041000000, 'costOfRevenue': 16320000000, 'totalOtherIncomeExpenseNet': -3688000000, 'discontinuedOperations': -59000000, 'netIncomeFromContinuingOps': 242000000, 'netIncomeApplicableToCommonShares': 183000000}}], 'CCH': [{'2021-12-31': {'researchDevelopment': None, 'effectOfAccountingCharges': None, 'incomeBeforeTax': 734900000, 'minorityInterest': 2600000, 'netIncome': 547200000, 'sellingGeneralAdministrative': 1797800000, 'grossProfit': 2598200000, 'ebit': 800400000, 'operatingIncome': 800400000, 'otherOperatingExpenses': None, 'interestExpense': -67100000, 'extraordinaryItems': None, 'nonRecurring': None, 'otherItems': None, 'incomeTaxExpense': 187400000, 'totalRevenue': 7168400000, 'totalOperatingExpenses': 6368000000, 'costOfRevenue': 4570200000, 'totalOtherIncomeExpenseNet': -65500000, 'discontinuedOperations': None, 'netIncomeFromContinuingOps': 547500000, 'netIncomeApplicableToCommonShares': 547200000}}, {'2020-12-31': {'researchDevelopment': None, 'effectOfAccountingCharges': None, 'incomeBeforeTax': 593900000, 'minorityInterest': 2600000, 'netIncome': 414900000, 'sellingGeneralAdministrative': 1672400000, 'grossProfit': 2321500000, 'ebit': 649100000, 'operatingIncome': 649100000, 'otherOperatingExpenses': None, 'interestExpense': -71800000, 'extraordinaryItems': None, 'nonRecurring': None, 'otherItems': None, 'incomeTaxExpense': 178900000, 'totalRevenue': 6131800000, 'totalOperatingExpenses': 5482700000, 'costOfRevenue': 3810300000, 'totalOtherIncomeExpenseNet': -55200000, 'discontinuedOperations': None, 'netIncomeFromContinuingOps': 415000000, 'netIncomeApplicableToCommonShares': 414900000}}, {'2019-12-31': {'researchDevelopment': None, 'effectOfAccountingCharges': None, 'incomeBeforeTax': 661200000, 'minorityInterest': 2700000, 'netIncome': 487500000, 'sellingGeneralAdministrative': 1889300000, 'grossProfit': 2645600000, 'ebit': 756300000, 'operatingIncome': 756300000, 'otherOperatingExpenses': None, 'interestExpense': -71300000, 'extraordinaryItems': None, 'nonRecurring': None, 'otherItems': None, 'incomeTaxExpense': 173200000, 'totalRevenue': 7026000000, 'totalOperatingExpenses': 6269700000, 'costOfRevenue': 4380400000, 'totalOtherIncomeExpenseNet': -95100000, 'discontinuedOperations': None, 'netIncomeFromContinuingOps': 488000000, 'netIncomeApplicableToCommonShares': 487500000}}, {'2018-12-31': {'researchDevelopment': None, 'effectOfAccountingCharges': None, 'incomeBeforeTax': 610900000, 'minorityInterest': 5300000, 'netIncome': 447400000, 'sellingGeneralAdministrative': 1843100000, 'grossProfit': 2515300000, 'ebit': 672200000, 'operatingIncome': 672200000, 'otherOperatingExpenses': None, 'interestExpense': -46500000, 'extraordinaryItems': None, 'nonRecurring': None, 'otherItems': None, 'incomeTaxExpense': 162800000, 'totalRevenue': 6657100000, 'totalOperatingExpenses': 5984900000, 'costOfRevenue': 4141800000, 'totalOtherIncomeExpenseNet': -61300000, 'discontinuedOperations': None, 'netIncomeFromContinuingOps': 448100000, 'netIncomeApplicableToCommonShares': 447400000}}], 'CPG': [{'2021-09-30': {'researchDevelopment': None, 'effectOfAccountingCharges': None, 'incomeBeforeTax': 464000000, 'minorityInterest': 28000000, 'netIncome': 357000000, 'sellingGeneralAdministrative': None, 'grossProfit': 703000000, 'ebit': 731000000, 'operatingIncome': 731000000, 'otherOperatingExpenses': None, 'interestExpense': -117000000, 'extraordinaryItems': None, 'nonRecurring': None, 'otherItems': None, 'incomeTaxExpense': 107000000, 'totalRevenue': 17908000000, 'totalOperatingExpenses': 17177000000, 'costOfRevenue': 17205000000, 'totalOtherIncomeExpenseNet': -267000000, 'discontinuedOperations': None, 'netIncomeFromContinuingOps': 357000000, 'netIncomeApplicableToCommonShares': 357000000}}, {'2020-09-30': {'researchDevelopment': None, 'effectOfAccountingCharges': None, 'incomeBeforeTax': 210000000, 'minorityInterest': 23000000, 'netIncome': 133000000, 'sellingGeneralAdministrative': None, 'grossProfit': 664000000, 'ebit': 570000000, 'operatingIncome': 570000000, 'otherOperatingExpenses': None, 'interestExpense': -141000000, 'extraordinaryItems': None, 'nonRecurring': None, 'otherItems': None, 'incomeTaxExpense': 75000000, 'totalRevenue': 19940000000, 'totalOperatingExpenses': 19370000000, 'costOfRevenue': 19276000000, 'totalOtherIncomeExpenseNet': -360000000, 'discontinuedOperations': None, 'netIncomeFromContinuingOps': 135000000, 'netIncomeApplicableToCommonShares': 133000000}}, {'2019-09-30': {'researchDevelopment': None, 'effectOfAccountingCharges': None, 'incomeBeforeTax': 1494000000, 'minorityInterest': 27000000, 'netIncome': 1135000000, 'sellingGeneralAdministrative': 1026000000, 'grossProfit': 6160000000, 'ebit': 1767000000, 'operatingIncome': 1767000000, 'otherOperatingExpenses': 2718000000, 'interestExpense': -114000000, 'extraordinaryItems': None, 'nonRecurring': None, 'otherItems': None, 'incomeTaxExpense': 351000000, 'totalRevenue': 24878000000, 'totalOperatingExpenses': 23111000000, 'costOfRevenue': 18718000000, 'totalOtherIncomeExpenseNet': -273000000, 'discontinuedOperations': None, 'netIncomeFromContinuingOps': 1143000000, 'netIncomeApplicableToCommonShares': 1135000000}}, {'2018-09-30': {'researchDevelopment': None, 'effectOfAccountingCharges': None, 'incomeBeforeTax': 1523000000, 'minorityInterest': 25000000, 'netIncome': 1130000000, 'sellingGeneralAdministrative': 906000000, 'grossProfit': 5492000000, 'ebit': 1648000000, 'operatingIncome': 1648000000, 'otherOperatingExpenses': 2394000000, 'interestExpense': -114000000, 'extraordinaryItems': None, 'nonRecurring': None, 'otherItems': None, 'incomeTaxExpense': 385000000, 'totalRevenue': 22872000000, 'totalOperatingExpenses': 21224000000, 'costOfRevenue': 17380000000, 'totalOtherIncomeExpenseNet': -125000000, 'discontinuedOperations': None, 'netIncomeFromContinuingOps': 1138000000, 'netIncomeApplicableToCommonShares': 1130000000}}], 'CRH': [{'2021-12-31': {'researchDevelopment': None, 'effectOfAccountingCharges': None, 'incomeBeforeTax': 3342000000, 'minorityInterest': 681000000, 'netIncome': 2565000000, 'sellingGeneralAdministrative': 6913000000, 'grossProfit': 10488000000, 'ebit': 3575000000, 'operatingIncome': 3575000000, 'otherOperatingExpenses': None, 'interestExpense': -468000000, 'extraordinaryItems': None, 'nonRecurring': None, 'otherItems': None, 'incomeTaxExpense': 721000000, 'totalRevenue': 30981000000, 'totalOperatingExpenses': 27406000000, 'costOfRevenue': 20493000000, 'totalOtherIncomeExpenseNet': -233000000, 'discontinuedOperations': None, 'netIncomeFromContinuingOps': 2621000000, 'netIncomeApplicableToCommonShares': 2565000000}}, {'2020-12-31': {'researchDevelopment': None, 'effectOfAccountingCharges': None, 'incomeBeforeTax': 1664000000, 'minorityInterest': 692000000, 'netIncome': 1122000000, 'sellingGeneralAdministrative': 6910000000, 'grossProfit': 9416000000, 'ebit': 2506000000, 'operatingIncome': 2506000000, 'otherOperatingExpenses': None, 'interestExpense': -354000000, 'extraordinaryItems': None, 'nonRecurring': None, 'otherItems': None, 'incomeTaxExpense': 499000000, 'totalRevenue': 27587000000, 'totalOperatingExpenses': 25081000000, 'costOfRevenue': 18171000000, 'totalOtherIncomeExpenseNet': -842000000, 'discontinuedOperations': None, 'netIncomeFromContinuingOps': 1165000000, 'netIncomeApplicableToCommonShares': 1122000000}}, {'2019-12-31': {'researchDevelopment': None, 'effectOfAccountingCharges': None, 'incomeBeforeTax': 2181000000, 'minorityInterest': 607000000, 'netIncome': 1717000000, 'sellingGeneralAdministrative': 6495000000, 'grossProfit': 9279000000, 'ebit': 2784000000, 'operatingIncome': 2784000000, 'otherOperatingExpenses': None, 'interestExpense': -386000000, 'extraordinaryItems': None, 'nonRecurring': None, 'otherItems': None, 'incomeTaxExpense': 534000000, 'totalRevenue': 28132000000, 'totalOperatingExpenses': 25348000000, 'costOfRevenue': 18853000000, 'totalOtherIncomeExpenseNet': -603000000, 'discontinuedOperations': 90000000, 'netIncomeFromContinuingOps': 1647000000, 'netIncomeApplicableToCommonShares': 1717000000}}, {'2018-12-31': {'researchDevelopment': None, 'effectOfAccountingCharges': None, 'incomeBeforeTax': 1968000000, 'minorityInterest': 602000000, 'netIncome': 2884000000, 'sellingGeneralAdministrative': 6624000000, 'grossProfit': 9101000000, 'ebit': 2477000000, 'operatingIncome': 2477000000, 'otherOperatingExpenses': None, 'interestExpense': -423000000, 'extraordinaryItems': None, 'nonRecurring': None, 'otherItems': None, 'incomeTaxExpense': 467000000, 'totalRevenue': 27449000000, 'totalOperatingExpenses': 24972000000, 'costOfRevenue': 18348000000, 'totalOtherIncomeExpenseNet': -509000000, 'discontinuedOperations': 1387000000, 'netIncomeFromContinuingOps': 1501000000, 'netIncomeApplicableToCommonShares': 2884000000}}], 'CRDA': [{'2021-12-31': {'researchDevelopment': None, 'effectOfAccountingCharges': None, 'incomeBeforeTax': 411500000, 'minorityInterest': 12800000, 'netIncome': 320800000, 'sellingGeneralAdministrative': 499500000, 'grossProfit': 938900000, 'ebit': 439400000, 'operatingIncome': 439400000, 'otherOperatingExpenses': None, 'interestExpense': -22100000, 'extraordinaryItems': None, 'nonRecurring': None, 'otherItems': None, 'incomeTaxExpense': 88700000, 'totalRevenue': 1889600000, 'totalOperatingExpenses': 1450200000, 'costOfRevenue': 950700000, 'totalOtherIncomeExpenseNet': -27900000, 'discontinuedOperations': None, 'netIncomeFromContinuingOps': 322800000, 'netIncomeApplicableToCommonShares': 320800000}}, {'2020-12-31': {'researchDevelopment': None, 'effectOfAccountingCharges': None, 'incomeBeforeTax': 269500000, 'minorityInterest': 9300000, 'netIncome': 201600000, 'sellingGeneralAdministrative': 331600000, 'grossProfit': 632100000, 'ebit': 300500000, 'operatingIncome': 300500000, 'otherOperatingExpenses': None, 'interestExpense': -18300000, 'extraordinaryItems': None, 'nonRecurring': None, 'otherItems': None, 'incomeTaxExpense': 67900000, 'totalRevenue': 1390300000, 'totalOperatingExpenses': 1089800000, 'costOfRevenue': 758200000, 'totalOtherIncomeExpenseNet': -31000000, 'discontinuedOperations': None, 'netIncomeFromContinuingOps': 201600000, 'netIncomeApplicableToCommonShares': 201600000}}, {'2019-12-31': {'researchDevelopment': None, 'effectOfAccountingCharges': None, 'incomeBeforeTax': 302300000, 'minorityInterest': 7000000, 'netIncome': 223900000, 'sellingGeneralAdministrative': 311300000, 'grossProfit': 631200000, 'ebit': 319900000, 'operatingIncome': 319900000, 'otherOperatingExpenses': None, 'interestExpense': -18200000, 'extraordinaryItems': None, 'nonRecurring': None, 'otherItems': None, 'incomeTaxExpense': 78500000, 'totalRevenue': 1377700000, 'totalOperatingExpenses': 1057800000, 'costOfRevenue': 746500000, 'totalOtherIncomeExpenseNet': -17600000, 'discontinuedOperations': None, 'netIncomeFromContinuingOps': 223800000, 'netIncomeApplicableToCommonShares': 223900000}}, {'2018-12-31': {'researchDevelopment': None, 'effectOfAccountingCharges': None, 'incomeBeforeTax': 317800000, 'minorityInterest': 7500000, 'netIncome': 238500000, 'sellingGeneralAdministrative': 191400000, 'grossProfit': 522300000, 'ebit': 330900000, 'operatingIncome': 330900000, 'otherOperatingExpenses': None, 'interestExpense': -11500000, 'extraordinaryItems': None, 'nonRecurring': None, 'otherItems': None, 'incomeTaxExpense': 79500000, 'totalRevenue': 1386900000, 'totalOperatingExpenses': 1056000000, 'costOfRevenue': 864600000, 'totalOtherIncomeExpenseNet': -13100000, 'discontinuedOperations': None, 'netIncomeFromContinuingOps': 238300000, 'netIncomeApplicableToCommonShares': 238500000}}], 'DCC': [{'2022-03-31': {'researchDevelopment': None, 'effectOfAccountingCharges': None, 'incomeBeforeTax': 405736000, 'minorityInterest': 65379000, 'netIncome': 312373000, 'sellingGeneralAdministrative': 1482456000, 'grossProfit': 2037673000, 'ebit': 497648000, 'operatingIncome': 497648000, 'otherOperatingExpenses': -33238000, 'interestExpense': -41953000, 'extraordinaryItems': None, 'nonRecurring': None, 'otherItems': None, 'incomeTaxExpense': 79734000, 'totalRevenue': 17732020000, 'totalOperatingExpenses': 17234372000, 'costOfRevenue': 15694347000, 'totalOtherIncomeExpenseNet': -91912000, 'discontinuedOperations': None, 'netIncomeFromContinuingOps': 326002000, 'netIncomeApplicableToCommonShares': 312373000}}, {'2021-03-31': {'researchDevelopment': None, 'effectOfAccountingCharges': None, 'incomeBeforeTax': 365081000, 'minorityInterest': 58210000, 'netIncome': 292619000, 'sellingGeneralAdministrative': 1314407000, 'grossProfit': 1819480000, 'ebit': 458984000, 'operatingIncome': 458984000, 'otherOperatingExpenses': -26864000, 'interestExpense': -46670000, 'extraordinaryItems': None, 'nonRecurring': None, 'otherItems': None, 'incomeTaxExpense': 62278000, 'totalRevenue': 13412450000, 'totalOperatingExpenses': 12953466000, 'costOfRevenue': 11592970000, 'totalOtherIncomeExpenseNet': -93903000, 'discontinuedOperations': None, 'netIncomeFromContinuingOps': 302803000, 'netIncomeApplicableToCommonShares': 292619000}}, {'2020-03-31': {'researchDevelopment': None, 'effectOfAccountingCharges': None, 'incomeBeforeTax': 311485000, 'minorityInterest': 54765000, 'netIncome': 245509000, 'sellingGeneralAdministrative': 1270952000, 'grossProfit': 1739974000, 'ebit': 426674000, 'operatingIncome': 426674000, 'otherOperatingExpenses': -25998000, 'interestExpense': -50377000, 'extraordinaryItems': None, 'nonRecurring': None, 'otherItems': None, 'incomeTaxExpense': 57335000, 'totalRevenue': 14755393000, 'totalOperatingExpenses': 14328719000, 'costOfRevenue': 13015419000, 'totalOtherIncomeExpenseNet': -115189000, 'discontinuedOperations': None, 'netIncomeFromContinuingOps': 254150000, 'netIncomeApplicableToCommonShares': 245509000}}, {'2019-03-31': {'researchDevelopment': None, 'effectOfAccountingCharges': None, 'incomeBeforeTax': 327434000, 'minorityInterest': 42821000, 'netIncome': 262593000, 'sellingGeneralAdministrative': 1203827000, 'grossProfit': 1637639000, 'ebit': 394942000, 'operatingIncome': 394942000, 'otherOperatingExpenses': -30265000, 'interestExpense': -44649000, 'extraordinaryItems': None, 'nonRecurring': None, 'otherItems': None, 'incomeTaxExpense': 56302000, 'totalRevenue': 15226893000, 'totalOperatingExpenses': 14831951000, 'costOfRevenue': 13589254000, 'totalOtherIncomeExpenseNet': -67508000, 'discontinuedOperations': None, 'netIncomeFromContinuingOps': 271132000, 'netIncomeApplicableToCommonShares': 262593000}}], 'DGE': [{'2022-06-30': {'researchDevelopment': None, 'effectOfAccountingCharges': None, 'incomeBeforeTax': 4387000000, 'minorityInterest': 1716000000, 'netIncome': 3249000000, 'sellingGeneralAdministrative': 2711000000, 'grossProfit': 9479000000, 'ebit': 4807000000, 'operatingIncome': 4807000000, 'otherOperatingExpenses': 1961000000, 'interestExpense': -837000000, 'extraordinaryItems': None, 'nonRecurring': None, 'otherItems': None, 'incomeTaxExpense': 1049000000, 'totalRevenue': 15452000000, 'totalOperatingExpenses': 10645000000, 'costOfRevenue': 5973000000, 'totalOtherIncomeExpenseNet': -420000000, 'discontinuedOperations': None, 'netIncomeFromContinuingOps': 3338000000, 'netIncomeApplicableToCommonShares': 3249000000}}, {'2021-06-30': {'researchDevelopment': None, 'effectOfAccountingCharges': None, 'incomeBeforeTax': 3706000000, 'minorityInterest': 1534000000, 'netIncome': 2660000000, 'sellingGeneralAdministrative': 2158000000, 'grossProfit': 7690000000, 'ebit': 3746000000, 'operatingIncome': 3746000000, 'otherOperatingExpenses': 1786000000, 'interestExpense': -602000000, 'extraordinaryItems': None, 'nonRecurring': None, 'otherItems': None, 'incomeTaxExpense': 907000000, 'totalRevenue': 12733000000, 'totalOperatingExpenses': 8987000000, 'costOfRevenue': 5043000000, 'totalOtherIncomeExpenseNet': -40000000, 'discontinuedOperations': None, 'netIncomeFromContinuingOps': 2799000000, 'netIncomeApplicableToCommonShares': 2660000000}}, {'2020-06-30': {'researchDevelopment': None, 'effectOfAccountingCharges': None, 'incomeBeforeTax': 2043000000, 'minorityInterest': 1668000000, 'netIncome': 1409000000, 'sellingGeneralAdministrative': 1832000000, 'grossProfit': 7098000000, 'ebit': 3503000000, 'operatingIncome': 3503000000, 'otherOperatingExpenses': 1763000000, 'interestExpense': -670000000, 'extraordinaryItems': None, 'nonRecurring': None, 'otherItems': None, 'incomeTaxExpense': 589000000, 'totalRevenue': 11752000000, 'totalOperatingExpenses': 8249000000, 'costOfRevenue': 4654000000, 'totalOtherIncomeExpenseNet': -1460000000, 'discontinuedOperations': None, 'netIncomeFromContinuingOps': 1454000000, 'netIncomeApplicableToCommonShares': 1409000000}}, {'2019-06-30': {'researchDevelopment': None, 'effectOfAccountingCharges': None, 'incomeBeforeTax': 4235000000, 'minorityInterest': 1795000000, 'netIncome': 3160000000, 'sellingGeneralAdministrative': 2035000000, 'grossProfit': 8001000000, 'ebit': 4123000000, 'operatingIncome': 4123000000, 'otherOperatingExpenses': 1843000000, 'interestExpense': -646000000, 'extraordinaryItems': None, 'nonRecurring': None, 'otherItems': None, 'incomeTaxExpense': 898000000, 'totalRevenue': 12867000000, 'totalOperatingExpenses': 8744000000, 'costOfRevenue': 4866000000, 'totalOtherIncomeExpenseNet': 112000000, 'discontinuedOperations': None, 'netIncomeFromContinuingOps': 3337000000, 'netIncomeApplicableToCommonShares': 3160000000}}], 'DPH': [{'2022-06-30': {'researchDevelopment': 36100000, 'effectOfAccountingCharges': None, 'incomeBeforeTax': 77600000, 'minorityInterest': None, 'netIncome': 58200000, 'sellingGeneralAdministrative': 252900000, 'grossProfit': 384800000, 'ebit': 95800000, 'operatingIncome': 95800000, 'otherOperatingExpenses': None, 'interestExpense': -8800000, 'extraordinaryItems': None, 'nonRecurring': None, 'otherItems': None, 'incomeTaxExpense': 19400000, 'totalRevenue': 681800000, 'totalOperatingExpenses': 586000000, 'costOfRevenue': 297000000, 'totalOtherIncomeExpenseNet': -18200000, 'discontinuedOperations': None, 'netIncomeFromContinuingOps': 58200000, 'netIncomeApplicableToCommonShares': 58200000}}, {'2021-06-30': {'researchDevelopment': 36800000, 'effectOfAccountingCharges': None, 'incomeBeforeTax': 74000000, 'minorityInterest': None, 'netIncome': 55500000, 'sellingGeneralAdministrative': 222100000, 'grossProfit': 345900000, 'ebit': 87000000, 'operatingIncome': 87000000, 'otherOperatingExpenses': None, 'interestExpense': -8800000, 'extraordinaryItems': None, 'nonRecurring': None, 'otherItems': None, 'incomeTaxExpense': 18500000, 'totalRevenue': 608000000, 'totalOperatingExpenses': 521000000, 'costOfRevenue': 262100000, 'totalOtherIncomeExpenseNet': -13000000, 'discontinuedOperations': None, 'netIncomeFromContinuingOps': 55500000, 'netIncomeApplicableToCommonShares': 55500000}}, {'2020-06-30': {'researchDevelopment': 34100000, 'effectOfAccountingCharges': None, 'incomeBeforeTax': 40900000, 'minorityInterest': None, 'netIncome': 33900000, 'sellingGeneralAdministrative': 198800000, 'grossProfit': 291600000, 'ebit': 58700000, 'operatingIncome': 58700000, 'otherOperatingExpenses': None, 'interestExpense': -11500000, 'extraordinaryItems': None, 'nonRecurring': None, 'otherItems': None, 'incomeTaxExpense': 7000000, 'totalRevenue': 515100000, 'totalOperatingExpenses': 456400000, 'costOfRevenue': 223500000, 'totalOtherIncomeExpenseNet': -17800000, 'discontinuedOperations': None, 'netIncomeFromContinuingOps': 33900000, 'netIncomeApplicableToCommonShares': 33900000}}, {'2019-06-30': {'researchDevelopment': 31900000, 'effectOfAccountingCharges': None, 'incomeBeforeTax': 27800000, 'minorityInterest': None, 'netIncome': 30900000, 'sellingGeneralAdministrative': 195700000, 'grossProfit': 278200000, 'ebit': 50600000, 'operatingIncome': 50600000, 'otherOperatingExpenses': None, 'interestExpense': -10500000, 'extraordinaryItems': None, 'nonRecurring': None, 'otherItems': None, 'incomeTaxExpense': -3100000, 'totalRevenue': 481800000, 'totalOperatingExpenses': 431200000, 'costOfRevenue': 203600000, 'totalOtherIncomeExpenseNet': -22800000, 'discontinuedOperations': None, 'netIncomeFromContinuingOps': 30900000, 'netIncomeApplicableToCommonShares': 30900000}}], 'EDV': [{'2021-12-31': {'researchDevelopment': None, 'effectOfAccountingCharges': None, 'incomeBeforeTax': 424100000, 'minorityInterest': 464200000, 'netIncome': 215500000, 'sellingGeneralAdministrative': 61900000, 'grossProfit': 1539500000, 'ebit': 513400000, 'operatingIncome': 513400000, 'otherOperatingExpenses': None, 'interestExpense': -60700000, 'extraordinaryItems': None, 'nonRecurring': None, 'otherItems': None, 'incomeTaxExpense': 144600000, 'totalRevenue': 2778100000, 'totalOperatingExpenses': 2264700000, 'costOfRevenue': 1238600000, 'totalOtherIncomeExpenseNet': -89300000, 'discontinuedOperations': -3700000, 'netIncomeFromContinuingOps': 279500000, 'netIncomeApplicableToCommonShares': 215500000}}, {'2020-12-31': {'researchDevelopment': None, 'effectOfAccountingCharges': None, 'incomeBeforeTax': 219500000, 'minorityInterest': 190900000, 'netIncome': 73100000, 'sellingGeneralAdministrative': 16000000, 'grossProfit': 750600000, 'ebit': 385200000, 'operatingIncome': 385200000, 'otherOperatingExpenses': None, 'interestExpense': -45000000, 'extraordinaryItems': None, 'nonRecurring': None, 'otherItems': None, 'incomeTaxExpense': 85200000, 'totalRevenue': 1424100000, 'totalOperatingExpenses': 1038900000, 'costOfRevenue': 673500000, 'totalOtherIncomeExpenseNet': -165700000, 'discontinuedOperations': -21800000, 'netIncomeFromContinuingOps': 134300000, 'netIncomeApplicableToCommonShares': 73100000}}, {'2019-12-31': {'researchDevelopment': None, 'effectOfAccountingCharges': None, 'incomeBeforeTax': -134843000, 'minorityInterest': 98630000, 'netIncome': -163718000, 'sellingGeneralAdministrative': 20620000, 'grossProfit': 308473000, 'ebit': -22950000, 'operatingIncome': -22950000, 'otherOperatingExpenses': None, 'interestExpense': -33830000, 'extraordinaryItems': None, 'nonRecurring': None, 'otherItems': None, 'incomeTaxExpense': 25131000, 'totalRevenue': 694848000, 'totalOperatingExpenses': 717798000, 'costOfRevenue': 386375000, 'totalOtherIncomeExpenseNet': -111893000, 'discontinuedOperations': 18814000, 'netIncomeFromContinuingOps': -159974000, 'netIncomeApplicableToCommonShares': -163718000}}, {'2018-12-31': {'researchDevelopment': None, 'effectOfAccountingCharges': None, 'incomeBeforeTax': 78575000, 'minorityInterest': 86327000, 'netIncome': -144856000, 'sellingGeneralAdministrative': 26573000, 'grossProfit': 323963000, 'ebit': 95769000, 'operatingIncome': 95769000, 'otherOperatingExpenses': None, 'interestExpense': -17925000, 'extraordinaryItems': None, 'nonRecurring': None, 'otherItems': None, 'incomeTaxExpense': 61515000, 'totalRevenue': 751957000, 'totalOperatingExpenses': 656188000, 'costOfRevenue': 427994000, 'totalOtherIncomeExpenseNet': -17194000, 'discontinuedOperations': -144791000, 'netIncomeFromContinuingOps': 17060000, 'netIncomeApplicableToCommonShares': -144856000}}], 'ENT': [{'2021-12-31': {'researchDevelopment': None, 'effectOfAccountingCharges': None, 'incomeBeforeTax': 393200000, 'minorityInterest': 1400000, 'netIncome': 249300000, 'sellingGeneralAdministrative': 1297200000, 'grossProfit': 3210000000, 'ebit': 502400000, 'operatingIncome': 502400000, 'otherOperatingExpenses': 1043400000, 'interestExpense': -77100000, 'extraordinaryItems': None, 'nonRecurring': None, 'otherItems': None, 'incomeTaxExpense': 117600000, 'totalRevenue': 3830000000, 'totalOperatingExpenses': 3327600000, 'costOfRevenue': 620000000, 'totalOtherIncomeExpenseNet': -109200000, 'discontinuedOperations': -14900000, 'netIncomeFromContinuingOps': 275600000, 'netIncomeApplicableToCommonShares': 249300000}}, {'2020-12-31': {'researchDevelopment': None, 'effectOfAccountingCharges': None, 'incomeBeforeTax': 174700000, 'minorityInterest': 52300000, 'netIncome': 57800000, 'sellingGeneralAdministrative': 1219400000, 'grossProfit': 3013000000, 'ebit': 282700000, 'operatingIncome': 282700000, 'otherOperatingExpenses': 965300000, 'interestExpense': -76500000, 'extraordinaryItems': None, 'nonRecurring': None, 'otherItems': None, 'incomeTaxExpense': 60900000, 'totalRevenue': 3561600000, 'totalOperatingExpenses': 3278900000, 'costOfRevenue': 548600000, 'totalOtherIncomeExpenseNet': -108000000, 'discontinuedOperations': -34400000, 'netIncomeFromContinuingOps': 113800000, 'netIncomeApplicableToCommonShares': 57800000}}, {'2019-12-31': {'researchDevelopment': None, 'effectOfAccountingCharges': None, 'incomeBeforeTax': -164400000, 'minorityInterest': 43100000, 'netIncome': -153700000, 'sellingGeneralAdministrative': 1263000000, 'grossProfit': 3066600000, 'ebit': 155800000, 'operatingIncome': 155800000, 'otherOperatingExpenses': 1054900000, 'interestExpense': -88500000, 'extraordinaryItems': None, 'nonRecurring': None, 'otherItems': None, 'incomeTaxExpense': -33200000, 'totalRevenue': 3578100000, 'totalOperatingExpenses': 3422300000, 'costOfRevenue': 511500000, 'totalOtherIncomeExpenseNet': -320200000, 'discontinuedOperations': -9500000, 'netIncomeFromContinuingOps': -131200000, 'netIncomeApplicableToCommonShares': -153700000}}, {'2018-12-31': {'researchDevelopment': None, 'effectOfAccountingCharges': None, 'incomeBeforeTax': -18900000, 'minorityInterest': 38200000, 'netIncome': -62500000, 'sellingGeneralAdministrative': 992700000, 'grossProfit': 2388000000, 'ebit': 189900000, 'operatingIncome': 189900000, 'otherOperatingExpenses': 765200000, 'interestExpense': -63900000, 'extraordinaryItems': None, 'nonRecurring': None, 'otherItems': None, 'incomeTaxExpense': 37500000, 'totalRevenue': 2935200000, 'totalOperatingExpenses': 2745300000, 'costOfRevenue': 547200000, 'totalOtherIncomeExpenseNet': -208800000, 'discontinuedOperations': -9500000, 'netIncomeFromContinuingOps': -56400000, 'netIncomeApplicableToCommonShares': -62500000}}], 'EXPN': [{'2022-03-31': {'researchDevelopment': None, 'effectOfAccountingCharges': None, 'incomeBeforeTax': 1447000000, 'minorityInterest': 38000000, 'netIncome': 1165000000, 'sellingGeneralAdministrative': None, 'grossProfit': 2484000000, 'ebit': 1469000000, 'operatingIncome': 1469000000, 'otherOperatingExpenses': 357000000, 'interestExpense': -75000000, 'extraordinaryItems': None, 'nonRecurring': None, 'otherItems': None, 'incomeTaxExpense': 296000000, 'totalRevenue': 6288000000, 'totalOperatingExpenses': 4819000000, 'costOfRevenue': 3804000000, 'totalOtherIncomeExpenseNet': -22000000, 'discontinuedOperations': 16000000, 'netIncomeFromContinuingOps': 1151000000, 'netIncomeApplicableToCommonShares': 1165000000}}, {'2021-03-31': {'researchDevelopment': None, 'effectOfAccountingCharges': None, 'incomeBeforeTax': 1077000000, 'minorityInterest': 38000000, 'netIncome': 803000000, 'sellingGeneralAdministrative': None, 'grossProfit': 2130000000, 'ebit': 1244000000, 'operatingIncome': 1244000000, 'otherOperatingExpenses': 295000000, 'interestExpense': -140000000, 'extraordinaryItems': None, 'nonRecurring': None, 'otherItems': None, 'incomeTaxExpense': 275000000, 'totalRevenue': 5372000000, 'totalOperatingExpenses': 4128000000, 'costOfRevenue': 3242000000, 'totalOtherIncomeExpenseNet': -167000000, 'discontinuedOperations': 16000000, 'netIncomeFromContinuingOps': 802000000, 'netIncomeApplicableToCommonShares': 803000000}}, {'2020-03-31': {'researchDevelopment': None, 'effectOfAccountingCharges': None, 'incomeBeforeTax': 942000000, 'minorityInterest': 6000000, 'netIncome': 675000000, 'sellingGeneralAdministrative': None, 'grossProfit': 2184000000, 'ebit': 1255000000, 'operatingIncome': 1255000000, 'otherOperatingExpenses': 392000000, 'interestExpense': -145000000, 'extraordinaryItems': None, 'nonRecurring': None, 'otherItems': None, 'incomeTaxExpense': 263000000, 'totalRevenue': 5179000000, 'totalOperatingExpenses': 3924000000, 'costOfRevenue': 2995000000, 'totalOtherIncomeExpenseNet': -313000000, 'discontinuedOperations': -2000000, 'netIncomeFromContinuingOps': 679000000, 'netIncomeApplicableToCommonShares': 675000000}}, {'2019-03-31': {'researchDevelopment': None, 'effectOfAccountingCharges': None, 'incomeBeforeTax': 957000000, 'minorityInterest': 14000000, 'netIncome': 695000000, 'sellingGeneralAdministrative': None, 'grossProfit': 2079000000, 'ebit': 1197000000, 'operatingIncome': 1197000000, 'otherOperatingExpenses': 445000000, 'interestExpense': -127000000, 'extraordinaryItems': None, 'nonRecurring': None, 'otherItems': None, 'incomeTaxExpense': 256000000, 'totalRevenue': 4861000000, 'totalOperatingExpenses': 3664000000, 'costOfRevenue': 2782000000, 'totalOtherIncomeExpenseNet': -240000000, 'discontinuedOperations': -2000000, 'netIncomeFromContinuingOps': 701000000, 'netIncomeApplicableToCommonShares': 695000000}}], 'FLTR': [{'2021-12-31': {'researchDevelopment': None, 'effectOfAccountingCharges': None, 'incomeBeforeTax': -288400000, 'minorityInterest': 37500000, 'netIncome': -415800000, 'sellingGeneralAdministrative': 2773000000, 'grossProfit': 3774000000, 'ebit': 203300000, 'operatingIncome': 203300000, 'otherOperatingExpenses': None, 'interestExpense': -124700000, 'extraordinaryItems': None, 'nonRecurring': None, 'otherItems': None, 'incomeTaxExpense': 123500000, 'totalRevenue': 6036200000, 'totalOperatingExpenses': 5832900000, 'costOfRevenue': 2262200000, 'totalOtherIncomeExpenseNet': -491700000, 'discontinuedOperations': None, 'netIncomeFromContinuingOps': -411900000, 'netIncomeApplicableToCommonShares': -415800000}}, {'2020-12-31': {'researchDevelopment': None, 'effectOfAccountingCharges': None, 'incomeBeforeTax': 1100000, 'minorityInterest': 30800000, 'netIncome': 37900000, 'sellingGeneralAdministrative': 1969800000, 'grossProfit': 2874900000, 'ebit': 259600000, 'operatingIncome': 259600000, 'otherOperatingExpenses': None, 'interestExpense': -140700000, 'extraordinaryItems': None, 'nonRecurring': None, 'otherItems': None, 'incomeTaxExpense': 35800000, 'totalRevenue': 4413900000, 'totalOperatingExpenses': 4154300000, 'costOfRevenue': 1539000000, 'totalOtherIncomeExpenseNet': -258500000, 'discontinuedOperations': None, 'netIncomeFromContinuingOps': -34700000, 'netIncomeApplicableToCommonShares': 37900000}}, {'2019-12-31': {'researchDevelopment': None, 'effectOfAccountingCharges': None, 'incomeBeforeTax': 135700000, 'minorityInterest': 204900000, 'netIncome': 144000000, 'sellingGeneralAdministrative': 1064400000, 'grossProfit': 1489800000, 'ebit': 167500000, 'operatingIncome': 167500000, 'otherOperatingExpenses': None, 'interestExpense': -15200000, 'extraordinaryItems': None, 'nonRecurring': None, 'otherItems': None, 'incomeTaxExpense': 23800000, 'totalRevenue': 2140000000, 'totalOperatingExpenses': 1972500000, 'costOfRevenue': 650200000, 'totalOtherIncomeExpenseNet': -31800000, 'discontinuedOperations': None, 'netIncomeFromContinuingOps': 111900000, 'netIncomeApplicableToCommonShares': 144000000}}, {'2018-12-31': {'researchDevelopment': None, 'effectOfAccountingCharges': None, 'incomeBeforeTax': 218700000, 'minorityInterest': 213300000, 'netIncome': 201400000, 'sellingGeneralAdministrative': 952500000, 'grossProfit': 1403500000, 'ebit': 259800000, 'operatingIncome': 259800000, 'otherOperatingExpenses': 15000000, 'interestExpense': -3700000, 'extraordinaryItems': None, 'nonRecurring': None, 'otherItems': None, 'incomeTaxExpense': 38000000, 'totalRevenue': 1873400000, 'totalOperatingExpenses': 1613600000, 'costOfRevenue': 469900000, 'totalOtherIncomeExpenseNet': -41100000, 'discontinuedOperations': None, 'netIncomeFromContinuingOps': 180700000, 'netIncomeApplicableToCommonShares': 201400000}}], 'FRES': [{'2021-12-31': {'researchDevelopment': None, 'effectOfAccountingCharges': None, 'incomeBeforeTax': 611532000, 'minorityInterest': 184548000, 'netIncome': 421209000, 'sellingGeneralAdministrative': 129037000, 'grossProfit': 941625000, 'ebit': 660837000, 'operatingIncome': 660837000, 'otherOperatingExpenses': 21928000, 'interestExpense': -49392000, 'extraordinaryItems': None, 'nonRecurring': None, 'otherItems': None, 'incomeTaxExpense': 173036000, 'totalRevenue': 2703095000, 'totalOperatingExpenses': 2042258000, 'costOfRevenue': 1761470000, 'totalOtherIncomeExpenseNet': -49305000, 'discontinuedOperations': None, 'netIncomeFromContinuingOps': 438496000, 'netIncomeApplicableToCommonShares': 421209000}}, {'2020-12-31': {'researchDevelopment': None, 'effectOfAccountingCharges': None, 'incomeBeforeTax': 551253000, 'minorityInterest': 135559000, 'netIncome': 374124000, 'sellingGeneralAdministrative': 117970000, 'grossProfit': 903269000, 'ebit': 734316000, 'operatingIncome': 734316000, 'otherOperatingExpenses': -55888000, 'interestExpense': -69076000, 'extraordinaryItems': None, 'nonRecurring': None, 'otherItems': None, 'incomeTaxExpense': 175674000, 'totalRevenue': 2430055000, 'totalOperatingExpenses': 1695739000, 'costOfRevenue': 1526786000, 'totalOtherIncomeExpenseNet': -183063000, 'discontinuedOperations': None, 'netIncomeFromContinuingOps': 375579000, 'netIncomeApplicableToCommonShares': 374124000}}, {'2019-12-31': {'researchDevelopment': None, 'effectOfAccountingCharges': None, 'incomeBeforeTax': 178755000, 'minorityInterest': 134059000, 'netIncome': 203997000, 'sellingGeneralAdministrative': 120422000, 'grossProfit': 461709000, 'ebit': 223413000, 'operatingIncome': 223413000, 'otherOperatingExpenses': -38904000, 'interestExpense': -58129000, 'extraordinaryItems': None, 'nonRecurring': None, 'otherItems': None, 'incomeTaxExpense': -27059000, 'totalRevenue': 2119641000, 'totalOperatingExpenses': 1896228000, 'costOfRevenue': 1657932000, 'totalOtherIncomeExpenseNet': -44658000, 'discontinuedOperations': None, 'netIncomeFromContinuingOps': 205814000, 'netIncomeApplicableToCommonShares': 203997000}}, {'2018-12-31': {'researchDevelopment': None, 'effectOfAccountingCharges': None, 'incomeBeforeTax': 483930000, 'minorityInterest': 78968000, 'netIncome': 349846000, 'sellingGeneralAdministrative': 105954000, 'grossProfit': 780728000, 'ebit': 513406000, 'operatingIncome': 513406000, 'otherOperatingExpenses': -10053000, 'interestExpense': -36258000, 'extraordinaryItems': None, 'nonRecurring': None, 'otherItems': None, 'incomeTaxExpense': 133964000, 'totalRevenue': 2103785000, 'totalOperatingExpenses': 1590379000, 'costOfRevenue': 1323057000, 'totalOtherIncomeExpenseNet': -29476000, 'discontinuedOperations': None, 'netIncomeFromContinuingOps': 349966000, 'netIncomeApplicableToCommonShares': 349846000}}], 'GLEN': [{'2021-12-31': {'researchDevelopment': None, 'effectOfAccountingCharges': None, 'incomeBeforeTax': 7375000000, 'minorityInterest': -3014000000, 'netIncome': 4974000000, 'sellingGeneralAdministrative': 2115000000, 'grossProfit': 12381000000, 'ebit': 9802000000, 'operatingIncome': 9802000000, 'otherOperatingExpenses': -67000000, 'interestExpense': -1348000000, 'extraordinaryItems': None, 'nonRecurring': None, 'otherItems': None, 'incomeTaxExpense': 3026000000, 'totalRevenue': 203751000000, 'totalOperatingExpenses': 193949000000, 'costOfRevenue': 191370000000, 'totalOtherIncomeExpenseNet': -2427000000, 'discontinuedOperations': None, 'netIncomeFromContinuingOps': 4349000000, 'netIncomeApplicableToCommonShares': 4974000000}}, {'2020-12-31': {'researchDevelopment': None, 'effectOfAccountingCharges': None, 'incomeBeforeTax': -5116000000, 'minorityInterest': -3235000000, 'netIncome': -1903000000, 'sellingGeneralAdministrative': 1681000000, 'grossProfit': 3698000000, 'ebit': -2067000000, 'operatingIncome': -2067000000, 'otherOperatingExpenses': 232000000, 'interestExpense': -1573000000, 'extraordinaryItems': None, 'nonRecurring': None, 'otherItems': None, 'incomeTaxExpense': -1170000000, 'totalRevenue': 142338000000, 'totalOperatingExpenses': 144405000000, 'costOfRevenue': 138640000000, 'totalOtherIncomeExpenseNet': -3049000000, 'discontinuedOperations': None, 'netIncomeFromContinuingOps': -3946000000, 'netIncomeApplicableToCommonShares': -1903000000}}, {'2019-12-31': {'researchDevelopment': None, 'effectOfAccountingCharges': None, 'incomeBeforeTax': -888000000, 'minorityInterest': -1038000000, 'netIncome': -404000000, 'sellingGeneralAdministrative': 1391000000, 'grossProfit': 4608000000, 'ebit': 2454000000, 'operatingIncome': 2454000000, 'otherOperatingExpenses': 232000000, 'interestExpense': -1940000000, 'extraordinaryItems': None, 'nonRecurring': None, 'otherItems': None, 'incomeTaxExpense': 618000000, 'totalRevenue': 215111000000, 'totalOperatingExpenses': 212657000000, 'costOfRevenue': 210503000000, 'totalOtherIncomeExpenseNet': -3342000000, 'discontinuedOperations': None, 'netIncomeFromContinuingOps': -1506000000, 'netIncomeApplicableToCommonShares': -404000000}}, {'2018-12-31': {'researchDevelopment': None, 'effectOfAccountingCharges': None, 'incomeBeforeTax': 4679000000, 'minorityInterest': -355000000, 'netIncome': 3408000000, 'sellingGeneralAdministrative': 1381000000, 'grossProfit': 9056000000, 'ebit': 6641000000, 'operatingIncome': 6641000000, 'otherOperatingExpenses': 232000000, 'interestExpense': -1742000000, 'extraordinaryItems': None, 'nonRecurring': None, 'otherItems': None, 'incomeTaxExpense': 2063000000, 'totalRevenue': 220524000000, 'totalOperatingExpenses': 213883000000, 'costOfRevenue': 211468000000, 'totalOtherIncomeExpenseNet': -1962000000, 'discontinuedOperations': None, 'netIncomeFromContinuingOps': 2616000000, 'netIncomeApplicableToCommonShares': 3408000000}}], 'GSK': [{'2021-12-31': {'researchDevelopment': 4877000000, 'effectOfAccountingCharges': None, 'incomeBeforeTax': 5442000000, 'minorityInterest': 6287000000, 'netIncome': 4385000000, 'sellingGeneralAdministrative': 10190000000, 'grossProfit': 22660000000, 'ebit': 7966000000, 'operatingIncome': 7966000000, 'otherOperatingExpenses': -373000000, 'interestExpense': -775000000, 'extraordinaryItems': None, 'nonRecurring': None, 'otherItems': None, 'incomeTaxExpense': 346000000, 'totalRevenue': 34114000000, 'totalOperatingExpenses': 26148000000, 'costOfRevenue': 11454000000, 'totalOtherIncomeExpenseNet': -2524000000, 'discontinuedOperations': None, 'netIncomeFromContinuingOps': 5096000000, 'netIncomeApplicableToCommonShares': 4385000000}}, {'2020-12-31': {'researchDevelopment': 4678000000, 'effectOfAccountingCharges': None, 'incomeBeforeTax': 6968000000, 'minorityInterest': 6221000000, 'netIncome': 5749000000, 'sellingGeneralAdministrative': 10503000000, 'grossProfit': 23209000000, 'ebit': 8435000000, 'operatingIncome': 8435000000, 'otherOperatingExpenses': -407000000, 'interestExpense': -860000000, 'extraordinaryItems': None, 'nonRecurring': None, 'otherItems': None, 'incomeTaxExpense': 580000000, 'totalRevenue': 34099000000, 'totalOperatingExpenses': 25664000000, 'costOfRevenue': 10890000000, 'totalOtherIncomeExpenseNet': -1467000000, 'discontinuedOperations': None, 'netIncomeFromContinuingOps': 6388000000, 'netIncomeApplicableToCommonShares': 5749000000}}, {'2019-12-31': {'researchDevelopment': 4405000000, 'effectOfAccountingCharges': None, 'incomeBeforeTax': 6221000000, 'minorityInterest': 6952000000, 'netIncome': 4645000000, 'sellingGeneralAdministrative': 10962000000, 'grossProfit': 22962000000, 'ebit': 8201000000, 'operatingIncome': 8201000000, 'otherOperatingExpenses': -606000000, 'interestExpense': -877000000, 'extraordinaryItems': None, 'nonRecurring': None, 'otherItems': None, 'incomeTaxExpense': 953000000, 'totalRevenue': 33754000000, 'totalOperatingExpenses': 25553000000, 'costOfRevenue': 10792000000, 'totalOtherIncomeExpenseNet': -1980000000, 'discontinuedOperations': None, 'netIncomeFromContinuingOps': 5268000000, 'netIncomeApplicableToCommonShares': 4645000000}}, {'2018-12-31': {'researchDevelopment': 3799000000, 'effectOfAccountingCharges': None, 'incomeBeforeTax': 4800000000, 'minorityInterest': -109000000, 'netIncome': 3623000000, 'sellingGeneralAdministrative': 9500000000, 'grossProfit': 21107000000, 'ebit': 7495000000, 'operatingIncome': 7495000000, 'otherOperatingExpenses': 313000000, 'interestExpense': -756000000, 'extraordinaryItems': None, 'nonRecurring': None, 'otherItems': None, 'incomeTaxExpense': 754000000, 'totalRevenue': 30821000000, 'totalOperatingExpenses': 23326000000, 'costOfRevenue': 9714000000, 'totalOtherIncomeExpenseNet': -2695000000, 'discontinuedOperations': None, 'netIncomeFromContinuingOps': 4046000000, 'netIncomeApplicableToCommonShares': 3623000000}}], 'HLN': [{'2021-12-31': {'researchDevelopment': 256000000, 'effectOfAccountingCharges': None, 'incomeBeforeTax': 1636000000, 'minorityInterest': 125000000, 'netIncome': 1390000000, 'sellingGeneralAdministrative': 3936000000, 'grossProfit': 5994000000, 'ebit': 1802000000, 'operatingIncome': 1802000000, 'otherOperatingExpenses': None, 'interestExpense': -16000000, 'extraordinaryItems': None, 'nonRecurring': None, 'otherItems': None, 'incomeTaxExpense': 197000000, 'totalRevenue': 9545000000, 'totalOperatingExpenses': 7743000000, 'costOfRevenue': 3551000000, 'totalOtherIncomeExpenseNet': -166000000, 'discontinuedOperations': None, 'netIncomeFromContinuingOps': 1439000000, 'netIncomeApplicableToCommonShares': 1390000000}}, {'2020-12-31': {'researchDevelopment': 296000000, 'effectOfAccountingCharges': None, 'incomeBeforeTax': 1591000000, 'minorityInterest': 111000000, 'netIncome': 1145000000, 'sellingGeneralAdministrative': 3906000000, 'grossProfit': 6090000000, 'ebit': 1888000000, 'operatingIncome': 1888000000, 'otherOperatingExpenses': None, 'interestExpense': -22000000, 'extraordinaryItems': None, 'nonRecurring': None, 'otherItems': None, 'incomeTaxExpense': 410000000, 'totalRevenue': 9892000000, 'totalOperatingExpenses': 8004000000, 'costOfRevenue': 3802000000, 'totalOtherIncomeExpenseNet': -297000000, 'discontinuedOperations': None, 'netIncomeFromContinuingOps': 1181000000, 'netIncomeApplicableToCommonShares': 1145000000}}, {'2019-12-31': {'researchDevelopment': 267000000, 'effectOfAccountingCharges': None, 'incomeBeforeTax': 886000000, 'minorityInterest': 91000000, 'netIncome': 655000000, 'sellingGeneralAdministrative': 3360000000, 'grossProfit': 5237000000, 'ebit': 1610000000, 'operatingIncome': 1610000000, 'otherOperatingExpenses': None, 'interestExpense': -30000000, 'extraordinaryItems': None, 'nonRecurring': None, 'otherItems': None, 'incomeTaxExpense': 199000000, 'totalRevenue': 8480000000, 'totalOperatingExpenses': 6870000000, 'costOfRevenue': 3243000000, 'totalOtherIncomeExpenseNet': -724000000, 'discontinuedOperations': None, 'netIncomeFromContinuingOps': 687000000, 'netIncomeApplicableToCommonShares': 655000000}}], 'HLMA': [{'2022-03-31': {'researchDevelopment': None, 'effectOfAccountingCharges': None, 'incomeBeforeTax': 304400000, 'minorityInterest': 400000, 'netIncome': 244400000, 'sellingGeneralAdministrative': 485300000, 'grossProfit': 767000000, 'ebit': 281700000, 'operatingIncome': 281700000, 'otherOperatingExpenses': None, 'interestExpense': -8700000, 'extraordinaryItems': None, 'nonRecurring': None, 'otherItems': None, 'incomeTaxExpense': 60200000, 'totalRevenue': 1525300000, 'totalOperatingExpenses': 1243600000, 'costOfRevenue': 758300000, 'totalOtherIncomeExpenseNet': 22700000, 'discontinuedOperations': None, 'netIncomeFromContinuingOps': 244200000, 'netIncomeApplicableToCommonShares': 244400000}}, {'2021-03-31': {'researchDevelopment': None, 'effectOfAccountingCharges': None, 'incomeBeforeTax': 252900000, 'minorityInterest': 600000, 'netIncome': 203400000, 'sellingGeneralAdministrative': 409800000, 'grossProfit': 655900000, 'ebit': 246100000, 'operatingIncome': 246100000, 'otherOperatingExpenses': None, 'interestExpense': -10800000, 'extraordinaryItems': None, 'nonRecurring': None, 'otherItems': None, 'incomeTaxExpense': 49600000, 'totalRevenue': 1318200000, 'totalOperatingExpenses': 1072100000, 'costOfRevenue': 662300000, 'totalOtherIncomeExpenseNet': 6800000, 'discontinuedOperations': None, 'netIncomeFromContinuingOps': 203300000, 'netIncomeApplicableToCommonShares': 203400000}}, {'2020-03-31': {'researchDevelopment': None, 'effectOfAccountingCharges': None, 'incomeBeforeTax': 224100000, 'minorityInterest': -700000, 'netIncome': 184400000, 'sellingGeneralAdministrative': 429500000, 'grossProfit': 669600000, 'ebit': 240100000, 'operatingIncome': 240100000, 'otherOperatingExpenses': None, 'interestExpense': -11700000, 'extraordinaryItems': None, 'nonRecurring': None, 'otherItems': None, 'incomeTaxExpense': 39700000, 'totalRevenue': 1338400000, 'totalOperatingExpenses': 1098300000, 'costOfRevenue': 668800000, 'totalOtherIncomeExpenseNet': -16000000, 'discontinuedOperations': None, 'netIncomeFromContinuingOps': 184400000, 'netIncomeApplicableToCommonShares': 184400000}}, {'2019-03-31': {'researchDevelopment': None, 'effectOfAccountingCharges': None, 'incomeBeforeTax': 206700000, 'minorityInterest': -700000, 'netIncome': 169800000, 'sellingGeneralAdministrative': 382700000, 'grossProfit': 601700000, 'ebit': 219000000, 'operatingIncome': 219000000, 'otherOperatingExpenses': None, 'interestExpense': -9000000, 'extraordinaryItems': None, 'nonRecurring': None, 'otherItems': None, 'incomeTaxExpense': 36900000, 'totalRevenue': 1210900000, 'totalOperatingExpenses': 991900000, 'costOfRevenue': 609200000, 'totalOtherIncomeExpenseNet': -12300000, 'discontinuedOperations': None, 'netIncomeFromContinuingOps': 169800000, 'netIncomeApplicableToCommonShares': 169800000}}], 'HBR': [{'2021-12-31': {'researchDevelopment': None, 'effectOfAccountingCharges': None, 'incomeBeforeTax': 314500000, 'minorityInterest': None, 'netIncome': 101100000, 'sellingGeneralAdministrative': 71400000, 'grossProfit': 1025600000, 'ebit': 593400000, 'operatingIncome': 593400000, 'otherOperatingExpenses': -61200000, 'interestExpense': -153400000, 'extraordinaryItems': None, 'nonRecurring': None, 'otherItems': None, 'incomeTaxExpense': 213400000, 'totalRevenue': 3478800000, 'totalOperatingExpenses': 2885400000, 'costOfRevenue': 2453200000, 'totalOtherIncomeExpenseNet': -278900000, 'discontinuedOperations': None, 'netIncomeFromContinuingOps': 101100000, 'netIncomeApplicableToCommonShares': 101100000}}, {'2020-12-31': {'researchDevelopment': None, 'effectOfAccountingCharges': None, 'incomeBeforeTax': -977700000, 'minorityInterest': None, 'netIncome': -778400000, 'sellingGeneralAdministrative': 35100000, 'grossProfit': 566400000, 'ebit': -350300000, 'operatingIncome': -350300000, 'otherOperatingExpenses': 63600000, 'interestExpense': -137700000, 'extraordinaryItems': None, 'nonRecurring': None, 'otherItems': None, 'incomeTaxExpense': -199300000, 'totalRevenue': 2413600000, 'totalOperatingExpenses': 2763900000, 'costOfRevenue': 1847200000, 'totalOtherIncomeExpenseNet': -627400000, 'discontinuedOperations': None, 'netIncomeFromContinuingOps': -778400000, 'netIncomeApplicableToCommonShares': -778400000}}, {'2019-12-31': {'researchDevelopment': None, 'effectOfAccountingCharges': None, 'incomeBeforeTax': 455558000, 'minorityInterest': None, 'netIncome': 218847000, 'sellingGeneralAdministrative': 37288000, 'grossProfit': 841291000, 'ebit': 740114000, 'operatingIncome': 740114000, 'otherOperatingExpenses': 48634000, 'interestExpense': -159335000, 'extraordinaryItems': None, 'nonRecurring': None, 'otherItems': None, 'incomeTaxExpense': 236711000, 'totalRevenue': 2357789000, 'totalOperatingExpenses': 1617675000, 'costOfRevenue': 1516498000, 'totalOtherIncomeExpenseNet': -284556000, 'discontinuedOperations': None, 'netIncomeFromContinuingOps': 218847000, 'netIncomeApplicableToCommonShares': 218847000}}, {'2018-12-31': {'researchDevelopment': None, 'effectOfAccountingCharges': None, 'incomeBeforeTax': 578401000, 'minorityInterest': None, 'netIncome': 368900000, 'sellingGeneralAdministrative': 24687000, 'grossProfit': 844735000, 'ebit': 756968000, 'operatingIncome': 756968000, 'otherOperatingExpenses': 44432000, 'interestExpense': -187749000, 'extraordinaryItems': None, 'nonRecurring': None, 'otherItems': None, 'incomeTaxExpense': 209501000, 'totalRevenue': 1965602000, 'totalOperatingExpenses': 1208634000, 'costOfRevenue': 1120867000, 'totalOtherIncomeExpenseNet': -178567000, 'discontinuedOperations': None, 'netIncomeFromContinuingOps': 368900000, 'netIncomeApplicableToCommonShares': 368900000}}], 'HL.': [{'2022-06-30': {'researchDevelopment': None, 'effectOfAccountingCharges': None, 'incomeBeforeTax': 269200000, 'minorityInterest': -1600000, 'netIncome': 216300000, 'sellingGeneralAdministrative': 118100000, 'grossProfit': 427500000, 'ebit': 271000000, 'operatingIncome': 271000000, 'otherOperatingExpenses': 23300000, 'interestExpense': -500000, 'extraordinaryItems': None, 'nonRecurring': None, 'otherItems': None, 'incomeTaxExpense': 53400000, 'totalRevenue': 583000000, 'totalOperatingExpenses': 312000000, 'costOfRevenue': 155500000, 'totalOtherIncomeExpenseNet': -1800000, 'discontinuedOperations': None, 'netIncomeFromContinuingOps': 215800000, 'netIncomeApplicableToCommonShares': 216300000}}, {'2021-06-30': {'researchDevelopment': None, 'effectOfAccountingCharges': None, 'incomeBeforeTax': 366000000, 'minorityInterest': -1100000, 'netIncome': 296700000, 'sellingGeneralAdministrative': 108400000, 'grossProfit': 511200000, 'ebit': 366100000, 'operatingIncome': 366100000, 'otherOperatingExpenses': 21600000, 'interestExpense': -700000, 'extraordinaryItems': None, 'nonRecurring': None, 'otherItems': None, 'incomeTaxExpense': 69700000, 'totalRevenue': 631000000, 'totalOperatingExpenses': 264900000, 'costOfRevenue': 119800000, 'totalOtherIncomeExpenseNet': -100000, 'discontinuedOperations': None, 'netIncomeFromContinuingOps': 296300000, 'netIncomeApplicableToCommonShares': 296700000}}, {'2020-06-30': {'researchDevelopment': None, 'effectOfAccountingCharges': None, 'incomeBeforeTax': 378300000, 'minorityInterest': -700000, 'netIncome': 313100000, 'sellingGeneralAdministrative': 58200000, 'grossProfit': 449700000, 'ebit': 336000000, 'operatingIncome': 336000000, 'otherOperatingExpenses': 41900000, 'interestExpense': -700000, 'extraordinaryItems': None, 'nonRecurring': None, 'otherItems': None, 'incomeTaxExpense': 65100000, 'totalRevenue': 550900000, 'totalOperatingExpenses': 214900000, 'costOfRevenue': 101200000, 'totalOtherIncomeExpenseNet': 42300000, 'discontinuedOperations': None, 'netIncomeFromContinuingOps': 313200000, 'netIncomeApplicableToCommonShares': 313100000}}, {'2019-06-30': {'researchDevelopment': None, 'effectOfAccountingCharges': None, 'incomeBeforeTax': 305800000, 'minorityInterest': 1400000, 'netIncome': 247400000, 'sellingGeneralAdministrative': 19500000, 'grossProfit': 383300000, 'ebit': 301100000, 'operatingIncome': 301100000, 'otherOperatingExpenses': 52700000, 'interestExpense': -700000, 'extraordinaryItems': None, 'nonRecurring': None, 'otherItems': None, 'incomeTaxExpense': 58200000, 'totalRevenue': 480500000, 'totalOperatingExpenses': 179400000, 'costOfRevenue': 97200000, 'totalOtherIncomeExpenseNet': 4700000, 'discontinuedOperations': None, 'netIncomeFromContinuingOps': 247600000, 'netIncomeApplicableToCommonShares': 247400000}}], 'HIK': [{'2021-12-31': {'researchDevelopment': 143000000, 'effectOfAccountingCharges': None, 'incomeBeforeTax': 544000000, 'minorityInterest': 14000000, 'netIncome': 421000000, 'sellingGeneralAdministrative': 561000000, 'grossProfit': 1301000000, 'ebit': 561000000, 'operatingIncome': 561000000, 'otherOperatingExpenses': 36000000, 'interestExpense': -43000000, 'extraordinaryItems': None, 'nonRecurring': None, 'otherItems': None, 'incomeTaxExpense': 124000000, 'totalRevenue': 2553000000, 'totalOperatingExpenses': 1992000000, 'costOfRevenue': 1252000000, 'totalOtherIncomeExpenseNet': -17000000, 'discontinuedOperations': None, 'netIncomeFromContinuingOps': 420000000, 'netIncomeApplicableToCommonShares': 421000000}}, {'2020-12-31': {'researchDevelopment': 137000000, 'effectOfAccountingCharges': None, 'incomeBeforeTax': 558000000, 'minorityInterest': 13000000, 'netIncome': 431000000, 'sellingGeneralAdministrative': 506000000, 'grossProfit': 1213000000, 'ebit': 540000000, 'operatingIncome': 540000000, 'otherOperatingExpenses': 30000000, 'interestExpense': -41000000, 'extraordinaryItems': None, 'nonRecurring': None, 'otherItems': None, 'incomeTaxExpense': 128000000, 'totalRevenue': 2341000000, 'totalOperatingExpenses': 1801000000, 'costOfRevenue': 1128000000, 'totalOtherIncomeExpenseNet': 18000000, 'discontinuedOperations': None, 'netIncomeFromContinuingOps': 430000000, 'netIncomeApplicableToCommonShares': 431000000}}, {'2019-12-31': {'researchDevelopment': 126000000, 'effectOfAccountingCharges': None, 'incomeBeforeTax': 491000000, 'minorityInterest': 12000000, 'netIncome': 486000000, 'sellingGeneralAdministrative': 487000000, 'grossProfit': 1099000000, 'ebit': 486000000, 'operatingIncome': 486000000, 'otherOperatingExpenses': 30000000, 'interestExpense': -36000000, 'extraordinaryItems': None, 'nonRecurring': None, 'otherItems': None, 'incomeTaxExpense': 4000000, 'totalRevenue': 2207000000, 'totalOperatingExpenses': 1721000000, 'costOfRevenue': 1108000000, 'totalOtherIncomeExpenseNet': 5000000, 'discontinuedOperations': None, 'netIncomeFromContinuingOps': 487000000, 'netIncomeApplicableToCommonShares': 486000000}}, {'2018-12-31': {'researchDevelopment': 118000000, 'effectOfAccountingCharges': None, 'incomeBeforeTax': 293000000, 'minorityInterest': 12000000, 'netIncome': 282000000, 'sellingGeneralAdministrative': 467000000, 'grossProfit': 1004000000, 'ebit': 428000000, 'operatingIncome': 428000000, 'otherOperatingExpenses': -9000000, 'interestExpense': -41000000, 'extraordinaryItems': None, 'nonRecurring': None, 'otherItems': None, 'incomeTaxExpense': 8000000, 'totalRevenue': 2070000000, 'totalOperatingExpenses': 1642000000, 'costOfRevenue': 1066000000, 'totalOtherIncomeExpenseNet': -135000000, 'discontinuedOperations': None, 'netIncomeFromContinuingOps': 285000000, 'netIncomeApplicableToCommonShares': 282000000}}], 'HWDN': [{'2021-12-25': {'researchDevelopment': None, 'effectOfAccountingCharges': None, 'incomeBeforeTax': 390300000, 'minorityInterest': None, 'netIncome': 314500000, 'sellingGeneralAdministrative': 887700000, 'grossProfit': 1289000000, 'ebit': 401300000, 'operatingIncome': 401300000, 'otherOperatingExpenses': None, 'interestExpense': -11000000, 'extraordinaryItems': None, 'nonRecurring': None, 'otherItems': None, 'incomeTaxExpense': 75800000, 'totalRevenue': 2093700000, 'totalOperatingExpenses': 1692400000, 'costOfRevenue': 804700000, 'totalOtherIncomeExpenseNet': -11000000, 'discontinuedOperations': None, 'netIncomeFromContinuingOps': 314500000, 'netIncomeApplicableToCommonShares': 314500000}}, {'2020-12-26': {'researchDevelopment': None, 'effectOfAccountingCharges': None, 'incomeBeforeTax': 185300000, 'minorityInterest': None, 'netIncome': 147600000, 'sellingGeneralAdministrative': 734900000, 'grossProfit': 930000000, 'ebit': 195100000, 'operatingIncome': 195100000, 'otherOperatingExpenses': None, 'interestExpense': -10400000, 'extraordinaryItems': None, 'nonRecurring': None, 'otherItems': None, 'incomeTaxExpense': 37700000, 'totalRevenue': 1547500000, 'totalOperatingExpenses': 1352400000, 'costOfRevenue': 617500000, 'totalOtherIncomeExpenseNet': -9800000, 'discontinuedOperations': None, 'netIncomeFromContinuingOps': 147600000, 'netIncomeApplicableToCommonShares': 147600000}}, {'2019-12-28': {'researchDevelopment': None, 'effectOfAccountingCharges': None, 'incomeBeforeTax': 260700000, 'minorityInterest': None, 'netIncome': 209000000, 'sellingGeneralAdministrative': 726600000, 'grossProfit': 986200000, 'ebit': 259600000, 'operatingIncome': 259600000, 'otherOperatingExpenses': None, 'interestExpense': -10400000, 'extraordinaryItems': None, 'nonRecurring': None, 'otherItems': None, 'incomeTaxExpense': 51700000, 'totalRevenue': 1583600000, 'totalOperatingExpenses': 1324000000, 'costOfRevenue': 597400000, 'totalOtherIncomeExpenseNet': 1100000, 'discontinuedOperations': None, 'netIncomeFromContinuingOps': 209000000, 'netIncomeApplicableToCommonShares': 209000000}}, {'2018-12-29': {'researchDevelopment': None, 'effectOfAccountingCharges': None, 'incomeBeforeTax': 238500000, 'minorityInterest': None, 'netIncome': 190400000, 'sellingGeneralAdministrative': 694400000, 'grossProfit': 932200000, 'ebit': 237800000, 'operatingIncome': 237800000, 'otherOperatingExpenses': None, 'interestExpense': -10400000, 'extraordinaryItems': None, 'nonRecurring': None, 'otherItems': None, 'incomeTaxExpense': 48100000, 'totalRevenue': 1511300000, 'totalOperatingExpenses': 1273500000, 'costOfRevenue': 579100000, 'totalOtherIncomeExpenseNet': 700000, 'discontinuedOperations': None, 'netIncomeFromContinuingOps': 190400000, 'netIncomeApplicableToCommonShares': 190400000}}], 'HSBA': [{'2021-12-31': {'researchDevelopment': None, 'effectOfAccountingCharges': None, 'incomeBeforeTax': 18906000000, 'minorityInterest': 8527000000, 'netIncome': 13917000000, 'sellingGeneralAdministrative': 32595000000, 'grossProfit': 50480000000, 'ebit': 0, 'operatingIncome': 17885000000, 'otherOperatingExpenses': None, 'interestExpense': None, 'extraordinaryItems': None, 'nonRecurring': None, 'otherItems': None, 'incomeTaxExpense': 4213000000, 'totalRevenue': 50480000000, 'totalOperatingExpenses': 32595000000, 'costOfRevenue': 0, 'totalOtherIncomeExpenseNet': 1021000000, 'discontinuedOperations': None, 'netIncomeFromContinuingOps': 14693000000, 'netIncomeApplicableToCommonShares': 12607000000}}, {'2020-12-31': {'researchDevelopment': None, 'effectOfAccountingCharges': None, 'incomeBeforeTax': 8777000000, 'minorityInterest': 8552000000, 'netIncome': 5229000000, 'sellingGeneralAdministrative': 31872000000, 'grossProfit': 41612000000, 'ebit': 0, 'operatingIncome': 9740000000, 'otherOperatingExpenses': None, 'interestExpense': None, 'extraordinaryItems': None, 'nonRecurring': None, 'otherItems': None, 'incomeTaxExpense': 2678000000, 'totalRevenue': 41612000000, 'totalOperatingExpenses': 31872000000, 'costOfRevenue': 0, 'totalOtherIncomeExpenseNet': -963000000, 'discontinuedOperations': None, 'netIncomeFromContinuingOps': 6099000000, 'netIncomeApplicableToCommonShares': 3898000000}}, {'2019-12-31': {'researchDevelopment': None, 'effectOfAccountingCharges': None, 'incomeBeforeTax': 13347000000, 'minorityInterest': 8713000000, 'netIncome': 7383000000, 'sellingGeneralAdministrative': 33930000000, 'grossProfit': 53342000000, 'ebit': 0, 'operatingIncome': 19412000000, 'otherOperatingExpenses': None, 'interestExpense': None, 'extraordinaryItems': None, 'nonRecurring': None, 'otherItems': None, 'incomeTaxExpense': 4639000000, 'totalRevenue': 53342000000, 'totalOperatingExpenses': 33930000000, 'costOfRevenue': 0, 'totalOtherIncomeExpenseNet': -6065000000, 'discontinuedOperations': None, 'netIncomeFromContinuingOps': 8708000000, 'netIncomeApplicableToCommonShares': 5969000000}}, {'2018-12-31': {'researchDevelopment': None, 'effectOfAccountingCharges': None, 'incomeBeforeTax': 19890000000, 'minorityInterest': 7996000000, 'netIncome': 13727000000, 'sellingGeneralAdministrative': 33845000000, 'grossProfit': 52013000000, 'ebit': 0, 'operatingIncome': 18168000000, 'otherOperatingExpenses': None, 'interestExpense': None, 'extraordinaryItems': None, 'nonRecurring': None, 'otherItems': None, 'incomeTaxExpense': 4865000000, 'totalRevenue': 52013000000, 'totalOperatingExpenses': 33845000000, 'costOfRevenue': 0, 'totalOtherIncomeExpenseNet': 1722000000, 'discontinuedOperations': None, 'netIncomeFromContinuingOps': 15025000000, 'netIncomeApplicableToCommonShares': 12608000000}}], 'IMB': [{'2021-09-30': {'researchDevelopment': None, 'effectOfAccountingCharges': None, 'incomeBeforeTax': 3238000000, 'minorityInterest': 588000000, 'netIncome': 2834000000, 'sellingGeneralAdministrative': 2205000000, 'grossProfit': 6028000000, 'ebit': 3082000000, 'operatingIncome': 3082000000, 'otherOperatingExpenses': 336000000, 'interestExpense': -435000000, 'extraordinaryItems': None, 'nonRecurring': None, 'otherItems': None, 'incomeTaxExpense': 331000000, 'totalRevenue': 16562000000, 'totalOperatingExpenses': 13480000000, 'costOfRevenue': 10534000000, 'totalOtherIncomeExpenseNet': 156000000, 'discontinuedOperations': None, 'netIncomeFromContinuingOps': 2907000000, 'netIncomeApplicableToCommonShares': 2834000000}}, {'2020-09-30': {'researchDevelopment': None, 'effectOfAccountingCharges': None, 'incomeBeforeTax': 2166000000, 'minorityInterest': 647000000, 'netIncome': 1495000000, 'sellingGeneralAdministrative': 2433000000, 'grossProfit': 6200000000, 'ebit': 2934000000, 'operatingIncome': 2934000000, 'otherOperatingExpenses': 324000000, 'interestExpense': -439000000, 'extraordinaryItems': None, 'nonRecurring': None, 'otherItems': None, 'incomeTaxExpense': 608000000, 'totalRevenue': 16600000000, 'totalOperatingExpenses': 13666000000, 'costOfRevenue': 10400000000, 'totalOtherIncomeExpenseNet': -768000000, 'discontinuedOperations': None, 'netIncomeFromContinuingOps': 1558000000, 'netIncomeApplicableToCommonShares': 1495000000}}, {'2019-09-30': {'researchDevelopment': None, 'effectOfAccountingCharges': None, 'incomeBeforeTax': 1690000000, 'minorityInterest': 647000000, 'netIncome': 1010000000, 'sellingGeneralAdministrative': 2442000000, 'grossProfit': 6101000000, 'ebit': 2633000000, 'operatingIncome': 2633000000, 'otherOperatingExpenses': 199000000, 'interestExpense': -466000000, 'extraordinaryItems': None, 'nonRecurring': None, 'otherItems': None, 'incomeTaxExpense': 609000000, 'totalRevenue': 16200000000, 'totalOperatingExpenses': 13567000000, 'costOfRevenue': 10099000000, 'totalOtherIncomeExpenseNet': -943000000, 'discontinuedOperations': None, 'netIncomeFromContinuingOps': 1081000000, 'netIncomeApplicableToCommonShares': 1010000000}}, {'2018-09-30': {'researchDevelopment': None, 'effectOfAccountingCharges': None, 'incomeBeforeTax': 1823000000, 'minorityInterest': 675000000, 'netIncome': 1368000000, 'sellingGeneralAdministrative': 2143000000, 'grossProfit': 6010000000, 'ebit': 2572000000, 'operatingIncome': 2572000000, 'otherOperatingExpenses': 243000000, 'interestExpense': -497000000, 'extraordinaryItems': None, 'nonRecurring': None, 'otherItems': None, 'incomeTaxExpense': 396000000, 'totalRevenue': 15366000000, 'totalOperatingExpenses': 12794000000, 'costOfRevenue': 9356000000, 'totalOtherIncomeExpenseNet': -749000000, 'discontinuedOperations': None, 'netIncomeFromContinuingOps': 1427000000, 'netIncomeApplicableToCommonShares': 1368000000}}], 'INF': [{'2021-12-31': {'researchDevelopment': None, 'effectOfAccountingCharges': None, 'incomeBeforeTax': 137100000, 'minorityInterest': 288100000, 'netIncome': 77900000, 'sellingGeneralAdministrative': 3800000, 'grossProfit': 585900000, 'ebit': 121400000, 'operatingIncome': 121400000, 'otherOperatingExpenses': 114800000, 'interestExpense': -69500000, 'extraordinaryItems': None, 'nonRecurring': None, 'otherItems': None, 'incomeTaxExpense': 48900000, 'totalRevenue': 1798700000, 'totalOperatingExpenses': 1677300000, 'costOfRevenue': 1212800000, 'totalOtherIncomeExpenseNet': 15700000, 'discontinuedOperations': None, 'netIncomeFromContinuingOps': 88200000, 'netIncomeApplicableToCommonShares': 77900000}}, {'2020-12-31': {'researchDevelopment': None, 'effectOfAccountingCharges': None, 'incomeBeforeTax': -1140900000, 'minorityInterest': 177000000, 'netIncome': -1042500000, 'sellingGeneralAdministrative': 3200000, 'grossProfit': 498000000, 'ebit': -29800000, 'operatingIncome': -29800000, 'otherOperatingExpenses': 149900000, 'interestExpense': -104500000, 'extraordinaryItems': None, 'nonRecurring': None, 'otherItems': None, 'incomeTaxExpense': -102300000, 'totalRevenue': 1660800000, 'totalOperatingExpenses': 1690600000, 'costOfRevenue': 1162800000, 'totalOtherIncomeExpenseNet': -1111100000, 'discontinuedOperations': None, 'netIncomeFromContinuingOps': -1038600000, 'netIncomeApplicableToCommonShares': -1042500000}}, {'2019-12-31': {'researchDevelopment': None, 'effectOfAccountingCharges': None, 'incomeBeforeTax': 318700000, 'minorityInterest': 196100000, 'netIncome': 225500000, 'sellingGeneralAdministrative': 3400000, 'grossProfit': 1214800000, 'ebit': 606700000, 'operatingIncome': 606700000, 'otherOperatingExpenses': 200100000, 'interestExpense': -119800000, 'extraordinaryItems': None, 'nonRecurring': None, 'otherItems': None, 'incomeTaxExpense': 72600000, 'totalRevenue': 2890300000, 'totalOperatingExpenses': 2283600000, 'costOfRevenue': 1675500000, 'totalOtherIncomeExpenseNet': -288000000, 'discontinuedOperations': None, 'netIncomeFromContinuingOps': 246100000, 'netIncomeApplicableToCommonShares': 225500000}}, {'2018-12-31': {'researchDevelopment': None, 'effectOfAccountingCharges': None, 'incomeBeforeTax': 282100000, 'minorityInterest': 193400000, 'netIncome': 207900000, 'sellingGeneralAdministrative': 39200000, 'grossProfit': 986300000, 'ebit': 480400000, 'operatingIncome': 480400000, 'otherOperatingExpenses': 167500000, 'interestExpense': -87600000, 'extraordinaryItems': None, 'nonRecurring': None, 'otherItems': None, 'incomeTaxExpense': 60500000, 'totalRevenue': 2369500000, 'totalOperatingExpenses': 1889100000, 'costOfRevenue': 1383200000, 'totalOtherIncomeExpenseNet': -198300000, 'discontinuedOperations': None, 'netIncomeFromContinuingOps': 221600000, 'netIncomeApplicableToCommonShares': 207900000}}], 'IHG': [{'2021-12-31': {'researchDevelopment': None, 'effectOfAccountingCharges': None, 'incomeBeforeTax': 361000000, 'minorityInterest': 7000000, 'netIncome': 266000000, 'sellingGeneralAdministrative': 447000000, 'grossProfit': 1037000000, 'ebit': 503000000, 'operatingIncome': 503000000, 'otherOperatingExpenses': -11000000, 'interestExpense': -138000000, 'extraordinaryItems': None, 'nonRecurring': None, 'otherItems': None, 'incomeTaxExpense': 96000000, 'totalRevenue': 2318000000, 'totalOperatingExpenses': 1815000000, 'costOfRevenue': 1281000000, 'totalOtherIncomeExpenseNet': -142000000, 'discontinuedOperations': None, 'netIncomeFromContinuingOps': 265000000, 'netIncomeApplicableToCommonShares': 266000000}}, {'2020-12-31': {'researchDevelopment': None, 'effectOfAccountingCharges': None, 'incomeBeforeTax': -280000000, 'minorityInterest': 8000000, 'netIncome': -260000000, 'sellingGeneralAdministrative': 346000000, 'grossProfit': 672000000, 'ebit': 180000000, 'operatingIncome': 180000000, 'otherOperatingExpenses': 36000000, 'interestExpense': -124000000, 'extraordinaryItems': None, 'nonRecurring': None, 'otherItems': None, 'incomeTaxExpense': -20000000, 'totalRevenue': 1757000000, 'totalOperatingExpenses': 1577000000, 'costOfRevenue': 1085000000, 'totalOtherIncomeExpenseNet': -460000000, 'discontinuedOperations': None, 'netIncomeFromContinuingOps': -260000000, 'netIncomeApplicableToCommonShares': -260000000}}, {'2019-12-31': {'researchDevelopment': None, 'effectOfAccountingCharges': None, 'incomeBeforeTax': 542000000, 'minorityInterest': 8000000, 'netIncome': 385000000, 'sellingGeneralAdministrative': 791000000, 'grossProfit': 1741000000, 'ebit': 837000000, 'operatingIncome': 837000000, 'otherOperatingExpenses': -3000000, 'interestExpense': -114000000, 'extraordinaryItems': None, 'nonRecurring': None, 'otherItems': None, 'incomeTaxExpense': 156000000, 'totalRevenue': 3456000000, 'totalOperatingExpenses': 2619000000, 'costOfRevenue': 1715000000, 'totalOtherIncomeExpenseNet': -295000000, 'discontinuedOperations': None, 'netIncomeFromContinuingOps': 386000000, 'netIncomeApplicableToCommonShares': 385000000}}, {'2018-12-31': {'researchDevelopment': None, 'effectOfAccountingCharges': None, 'incomeBeforeTax': 482000000, 'minorityInterest': 8000000, 'netIncome': 349000000, 'sellingGeneralAdministrative': 738000000, 'grossProfit': 1590000000, 'ebit': 751000000, 'operatingIncome': 751000000, 'otherOperatingExpenses': -14000000, 'interestExpense': -95000000, 'extraordinaryItems': None, 'nonRecurring': None, 'otherItems': None, 'incomeTaxExpense': 132000000, 'totalRevenue': 3166000000, 'totalOperatingExpenses': 2415000000, 'costOfRevenue': 1576000000, 'totalOtherIncomeExpenseNet': -269000000, 'discontinuedOperations': None, 'netIncomeFromContinuingOps': 350000000, 'netIncomeApplicableToCommonShares': 349000000}}], 'ICP': [{'2022-03-31': {'researchDevelopment': None, 'effectOfAccountingCharges': None, 'incomeBeforeTax': 556200000, 'minorityInterest': 55100000, 'netIncome': 526800000, 'sellingGeneralAdministrative': 345000000, 'grossProfit': 934700000, 'ebit': 0, 'operatingIncome': 565900000, 'otherOperatingExpenses': 5700000, 'interestExpense': None, 'extraordinaryItems': None, 'nonRecurring': None, 'otherItems': None, 'incomeTaxExpense': 31100000, 'totalRevenue': 934700000, 'totalOperatingExpenses': 368800000, 'costOfRevenue': 0, 'totalOtherIncomeExpenseNet': -9700000, 'discontinuedOperations': None, 'netIncomeFromContinuingOps': 525100000, 'netIncomeApplicableToCommonShares': 526800000}}, {'2021-03-31': {'researchDevelopment': None, 'effectOfAccountingCharges': None, 'incomeBeforeTax': 509500000, 'minorityInterest': 5000000, 'netIncome': 457100000, 'sellingGeneralAdministrative': 247600000, 'grossProfit': 775700000, 'ebit': 0, 'operatingIncome': 509300000, 'otherOperatingExpenses': 3300000, 'interestExpense': None, 'extraordinaryItems': None, 'nonRecurring': None, 'otherItems': None, 'incomeTaxExpense': 48500000, 'totalRevenue': 775700000, 'totalOperatingExpenses': 266400000, 'costOfRevenue': 0, 'totalOtherIncomeExpenseNet': 200000, 'discontinuedOperations': None, 'netIncomeFromContinuingOps': 461000000, 'netIncomeApplicableToCommonShares': 457100000}}, {'2020-03-31': {'researchDevelopment': None, 'effectOfAccountingCharges': None, 'incomeBeforeTax': 114500000, 'minorityInterest': 1500000, 'netIncome': 108900000, 'sellingGeneralAdministrative': 231100000, 'grossProfit': 360000000, 'ebit': 0, 'operatingIncome': 77900000, 'otherOperatingExpenses': 40700000, 'interestExpense': None, 'extraordinaryItems': None, 'nonRecurring': None, 'otherItems': None, 'incomeTaxExpense': 3900000, 'totalRevenue': 360000000, 'totalOperatingExpenses': 282100000, 'costOfRevenue': 0, 'totalOtherIncomeExpenseNet': 36600000, 'discontinuedOperations': None, 'netIncomeFromContinuingOps': 110600000, 'netIncomeApplicableToCommonShares': 108900000}}, {'2019-03-31': {'researchDevelopment': None, 'effectOfAccountingCharges': None, 'incomeBeforeTax': 182900000, 'minorityInterest': 10900000, 'netIncome': 180100000, 'sellingGeneralAdministrative': 227900000, 'grossProfit': 414300000, 'ebit': 0, 'operatingIncome': 168700000, 'otherOperatingExpenses': 17700000, 'interestExpense': None, 'extraordinaryItems': None, 'nonRecurring': None, 'otherItems': None, 'incomeTaxExpense': -1600000, 'totalRevenue': 414300000, 'totalOperatingExpenses': 245600000, 'costOfRevenue': 0, 'totalOtherIncomeExpenseNet': 14200000, 'discontinuedOperations': None, 'netIncomeFromContinuingOps': 184500000, 'netIncomeApplicableToCommonShares': 180100000}}], 'IAG': [{'2021-12-31': {'researchDevelopment': None, 'effectOfAccountingCharges': None, 'incomeBeforeTax': -3507000000, 'minorityInterest': 6000000, 'netIncome': -2933000000, 'sellingGeneralAdministrative': 1192000000, 'grossProfit': 164000000, 'ebit': -2943000000, 'operatingIncome': -2943000000, 'otherOperatingExpenses': None, 'interestExpense': -768000000, 'extraordinaryItems': None, 'nonRecurring': None, 'otherItems': None, 'incomeTaxExpense': -574000000, 'totalRevenue': 8455000000, 'totalOperatingExpenses': 11398000000, 'costOfRevenue': 8291000000, 'totalOtherIncomeExpenseNet': -564000000, 'discontinuedOperations': None, 'netIncomeFromContinuingOps': -2933000000, 'netIncomeApplicableToCommonShares': -2933000000}}, {'2020-12-31': {'researchDevelopment': None, 'effectOfAccountingCharges': None, 'incomeBeforeTax': -7827000000, 'minorityInterest': 6000000, 'netIncome': -6935000000, 'sellingGeneralAdministrative': 1159000000, 'grossProfit': -1101000000, 'ebit': -4338000000, 'operatingIncome': -4338000000, 'otherOperatingExpenses': None, 'interestExpense': -637000000, 'extraordinaryItems': None, 'nonRecurring': None, 'otherItems': None, 'incomeTaxExpense': -892000000, 'totalRevenue': 7806000000, 'totalOperatingExpenses': 12144000000, 'costOfRevenue': 8907000000, 'totalOtherIncomeExpenseNet': -3489000000, 'discontinuedOperations': None, 'netIncomeFromContinuingOps': -6935000000, 'netIncomeApplicableToCommonShares': -6935000000}}, {'2019-12-31': {'researchDevelopment': None, 'effectOfAccountingCharges': None, 'incomeBeforeTax': 2275000000, 'minorityInterest': 6000000, 'netIncome': 1715000000, 'sellingGeneralAdministrative': 1849000000, 'grossProfit': 7264000000, 'ebit': 3304000000, 'operatingIncome': 3304000000, 'otherOperatingExpenses': None, 'interestExpense': -607000000, 'extraordinaryItems': None, 'nonRecurring': None, 'otherItems': None, 'incomeTaxExpense': 560000000, 'totalRevenue': 25506000000, 'totalOperatingExpenses': 22202000000, 'costOfRevenue': 18242000000, 'totalOtherIncomeExpenseNet': -1029000000, 'discontinuedOperations': None, 'netIncomeFromContinuingOps': 1715000000, 'netIncomeApplicableToCommonShares': 1715000000}}, {'2018-12-31': {'researchDevelopment': None, 'effectOfAccountingCharges': None, 'incomeBeforeTax': 3487000000, 'minorityInterest': 6000000, 'netIncome': 2885000000, 'sellingGeneralAdministrative': 1964000000, 'grossProfit': 6548000000, 'ebit': 3330000000, 'operatingIncome': 3330000000, 'otherOperatingExpenses': None, 'interestExpense': -231000000, 'extraordinaryItems': None, 'nonRecurring': None, 'otherItems': None, 'incomeTaxExpense': 590000000, 'totalRevenue': 24258000000, 'totalOperatingExpenses': 20928000000, 'costOfRevenue': 17710000000, 'totalOtherIncomeExpenseNet': 157000000, 'discontinuedOperations': None, 'netIncomeFromContinuingOps': 2897000000, 'netIncomeApplicableToCommonShares': 2885000000}}], 'ITRK': [{'2021-12-31': {'researchDevelopment': None, 'effectOfAccountingCharges': None, 'incomeBeforeTax': 413400000, 'minorityInterest': 32300000, 'netIncome': 288100000, 'sellingGeneralAdministrative': None, 'grossProfit': 1555000000, 'ebit': 444500000, 'operatingIncome': 444500000, 'otherOperatingExpenses': 941200000, 'interestExpense': -26700000, 'extraordinaryItems': None, 'nonRecurring': None, 'otherItems': None, 'incomeTaxExpense': 106700000, 'totalRevenue': 2786300000, 'totalOperatingExpenses': 2341800000, 'costOfRevenue': 1231300000, 'totalOtherIncomeExpenseNet': -31100000, 'discontinuedOperations': None, 'netIncomeFromContinuingOps': 306700000, 'netIncomeApplicableToCommonShares': 288100000}}, {'2020-12-31': {'researchDevelopment': None, 'effectOfAccountingCharges': None, 'incomeBeforeTax': 343900000, 'minorityInterest': 28000000, 'netIncome': 247300000, 'sellingGeneralAdministrative': None, 'grossProfit': 1542500000, 'ebit': 399400000, 'operatingIncome': 399400000, 'otherOperatingExpenses': 969100000, 'interestExpense': -28900000, 'extraordinaryItems': None, 'nonRecurring': None, 'otherItems': None, 'incomeTaxExpense': 81300000, 'totalRevenue': 2741700000, 'totalOperatingExpenses': 2342300000, 'costOfRevenue': 1199200000, 'totalOtherIncomeExpenseNet': -55500000, 'discontinuedOperations': None, 'netIncomeFromContinuingOps': 262600000, 'netIncomeApplicableToCommonShares': 247300000}}, {'2019-12-31': {'researchDevelopment': None, 'effectOfAccountingCharges': None, 'incomeBeforeTax': 445100000, 'minorityInterest': 29400000, 'netIncome': 313100000, 'sellingGeneralAdministrative': None, 'grossProfit': 1682600000, 'ebit': 495900000, 'operatingIncome': 495900000, 'otherOperatingExpenses': 1015200000, 'interestExpense': -35500000, 'extraordinaryItems': None, 'nonRecurring': None, 'otherItems': None, 'incomeTaxExpense': 111500000, 'totalRevenue': 2987000000, 'totalOperatingExpenses': 2491100000, 'costOfRevenue': 1304400000, 'totalOtherIncomeExpenseNet': -50800000, 'discontinuedOperations': None, 'netIncomeFromContinuingOps': 333600000, 'netIncomeApplicableToCommonShares': 313100000}}, {'2018-12-31': {'researchDevelopment': None, 'effectOfAccountingCharges': None, 'incomeBeforeTax': 404500000, 'minorityInterest': 34300000, 'netIncome': 284400000, 'sellingGeneralAdministrative': None, 'grossProfit': 1561800000, 'ebit': 457900000, 'operatingIncome': 457900000, 'otherOperatingExpenses': 1015200000, 'interestExpense': -26200000, 'extraordinaryItems': None, 'nonRecurring': None, 'otherItems': None, 'incomeTaxExpense': 99300000, 'totalRevenue': 2801200000, 'totalOperatingExpenses': 2343300000, 'costOfRevenue': 1239400000, 'totalOtherIncomeExpenseNet': -53400000, 'discontinuedOperations': None, 'netIncomeFromContinuingOps': 305200000, 'netIncomeApplicableToCommonShares': 284400000}}], 'JD.': [{'2022-01-29': {'researchDevelopment': None, 'effectOfAccountingCharges': None, 'incomeBeforeTax': 654700000, 'minorityInterest': 413600000, 'netIncome': 369700000, 'sellingGeneralAdministrative': 3203000000, 'grossProfit': 4208000000, 'ebit': 1021600000, 'operatingIncome': 1021600000, 'otherOperatingExpenses': -16600000, 'interestExpense': -67900000, 'extraordinaryItems': None, 'nonRecurring': None, 'otherItems': None, 'incomeTaxExpense': 195100000, 'totalRevenue': 8563000000, 'totalOperatingExpenses': 7541400000, 'costOfRevenue': 4355000000, 'totalOtherIncomeExpenseNet': -366900000, 'discontinuedOperations': None, 'netIncomeFromContinuingOps': 459600000, 'netIncomeApplicableToCommonShares': 369700000}}, {'2021-01-30': {'researchDevelopment': None, 'effectOfAccountingCharges': None, 'incomeBeforeTax': 324000000, 'minorityInterest': 257700000, 'netIncome': 224300000, 'sellingGeneralAdministrative': 2488400000, 'grossProfit': 2961600000, 'ebit': 486300000, 'operatingIncome': 486300000, 'otherOperatingExpenses': -13100000, 'interestExpense': -62500000, 'extraordinaryItems': None, 'nonRecurring': None, 'otherItems': None, 'incomeTaxExpense': 94800000, 'totalRevenue': 6167300000, 'totalOperatingExpenses': 5681000000, 'costOfRevenue': 3205700000, 'totalOtherIncomeExpenseNet': -162300000, 'discontinuedOperations': None, 'netIncomeFromContinuingOps': 229200000, 'netIncomeApplicableToCommonShares': 224300000}}, {'2020-02-01': {'researchDevelopment': None, 'effectOfAccountingCharges': None, 'incomeBeforeTax': 348500000, 'minorityInterest': 70000000, 'netIncome': 246100000, 'sellingGeneralAdministrative': 2355700000, 'grossProfit': 2874800000, 'ebit': 524300000, 'operatingIncome': 524300000, 'otherOperatingExpenses': -5200000, 'interestExpense': -79800000, 'extraordinaryItems': None, 'nonRecurring': None, 'otherItems': None, 'incomeTaxExpense': 97800000, 'totalRevenue': 6110800000, 'totalOperatingExpenses': 5586500000, 'costOfRevenue': 3236000000, 'totalOtherIncomeExpenseNet': -175800000, 'discontinuedOperations': None, 'netIncomeFromContinuingOps': 250700000, 'netIncomeApplicableToCommonShares': 246100000}}, {'2019-02-02': {'researchDevelopment': None, 'effectOfAccountingCharges': None, 'incomeBeforeTax': 339900000, 'minorityInterest': 68000000, 'netIncome': 261800000, 'sellingGeneralAdministrative': 1886500000, 'grossProfit': 2243300000, 'ebit': 361500000, 'operatingIncome': 361500000, 'otherOperatingExpenses': -4700000, 'interestExpense': -7500000, 'extraordinaryItems': None, 'nonRecurring': None, 'otherItems': None, 'incomeTaxExpense': 75700000, 'totalRevenue': 4717800000, 'totalOperatingExpenses': 4356300000, 'costOfRevenue': 2474500000, 'totalOtherIncomeExpenseNet': -21600000, 'discontinuedOperations': None, 'netIncomeFromContinuingOps': 264200000, 'netIncomeApplicableToCommonShares': 261800000}}], 'KGF': [{'2022-01-31': {'researchDevelopment': None, 'effectOfAccountingCharges': None, 'incomeBeforeTax': 1007000000, 'minorityInterest': None, 'netIncome': 843000000, 'sellingGeneralAdministrative': 3860000000, 'grossProfit': 4935000000, 'ebit': 1098000000, 'operatingIncome': 1098000000, 'otherOperatingExpenses': -23000000, 'interestExpense': -148000000, 'extraordinaryItems': None, 'nonRecurring': None, 'otherItems': None, 'incomeTaxExpense': 164000000, 'totalRevenue': 13183000000, 'totalOperatingExpenses': 12085000000, 'costOfRevenue': 8248000000, 'totalOtherIncomeExpenseNet': -91000000, 'discontinuedOperations': None, 'netIncomeFromContinuingOps': 843000000, 'netIncomeApplicableToCommonShares': 843000000}}, {'2021-01-31': {'researchDevelopment': None, 'effectOfAccountingCharges': None, 'incomeBeforeTax': 756000000, 'minorityInterest': None, 'netIncome': 592000000, 'sellingGeneralAdministrative': 3646000000, 'grossProfit': 4573000000, 'ebit': 946000000, 'operatingIncome': 946000000, 'otherOperatingExpenses': -19000000, 'interestExpense': -180000000, 'extraordinaryItems': None, 'nonRecurring': None, 'otherItems': None, 'incomeTaxExpense': 164000000, 'totalRevenue': 12343000000, 'totalOperatingExpenses': 11397000000, 'costOfRevenue': 7770000000, 'totalOtherIncomeExpenseNet': -190000000, 'discontinuedOperations': None, 'netIncomeFromContinuingOps': 592000000, 'netIncomeApplicableToCommonShares': 592000000}}, {'2020-01-31': {'researchDevelopment': None, 'effectOfAccountingCharges': None, 'incomeBeforeTax': 103000000, 'minorityInterest': None, 'netIncome': 8000000, 'sellingGeneralAdministrative': 3555000000, 'grossProfit': 4255000000, 'ebit': 721000000, 'operatingIncome': 721000000, 'otherOperatingExpenses': -21000000, 'interestExpense': -191000000, 'extraordinaryItems': None, 'nonRecurring': None, 'otherItems': None, 'incomeTaxExpense': 95000000, 'totalRevenue': 11513000000, 'totalOperatingExpenses': 10792000000, 'costOfRevenue': 7258000000, 'totalOtherIncomeExpenseNet': -618000000, 'discontinuedOperations': None, 'netIncomeFromContinuingOps': 8000000, 'netIncomeApplicableToCommonShares': 8000000}}, {'2019-01-31': {'researchDevelopment': None, 'effectOfAccountingCharges': None, 'incomeBeforeTax': 300000000, 'minorityInterest': None, 'netIncome': 193000000, 'sellingGeneralAdministrative': 3595000000, 'grossProfit': 4318000000, 'ebit': 752000000, 'operatingIncome': 752000000, 'otherOperatingExpenses': -29000000, 'interestExpense': -190000000, 'extraordinaryItems': None, 'nonRecurring': None, 'otherItems': None, 'incomeTaxExpense': 107000000, 'totalRevenue': 11685000000, 'totalOperatingExpenses': 10933000000, 'costOfRevenue': 7367000000, 'totalOtherIncomeExpenseNet': -452000000, 'discontinuedOperations': None, 'netIncomeFromContinuingOps': 193000000, 'netIncomeApplicableToCommonShares': 193000000}}], 'LAND': [{'2022-03-31': {'researchDevelopment': None, 'effectOfAccountingCharges': None, 'incomeBeforeTax': 875000000, 'minorityInterest': 74000000, 'netIncome': 869000000, 'sellingGeneralAdministrative': None, 'grossProfit': 372000000, 'ebit': 385000000, 'operatingIncome': 385000000, 'otherOperatingExpenses': None, 'interestExpense': -69000000, 'extraordinaryItems': None, 'nonRecurring': None, 'otherItems': None, 'incomeTaxExpense': 0, 'totalRevenue': 679000000, 'totalOperatingExpenses': 294000000, 'costOfRevenue': 307000000, 'totalOtherIncomeExpenseNet': 490000000, 'discontinuedOperations': None, 'netIncomeFromContinuingOps': 875000000, 'netIncomeApplicableToCommonShares': 869000000}}, {'2021-03-31': {'researchDevelopment': None, 'effectOfAccountingCharges': None, 'incomeBeforeTax': -1393000000, 'minorityInterest': 74000000, 'netIncome': -1393000000, 'sellingGeneralAdministrative': None, 'grossProfit': 416000000, 'ebit': 306000000, 'operatingIncome': 306000000, 'otherOperatingExpenses': None, 'interestExpense': -76000000, 'extraordinaryItems': None, 'nonRecurring': None, 'otherItems': None, 'incomeTaxExpense': 0, 'totalRevenue': 635000000, 'totalOperatingExpenses': 329000000, 'costOfRevenue': 219000000, 'totalOtherIncomeExpenseNet': -1699000000, 'discontinuedOperations': None, 'netIncomeFromContinuingOps': -1393000000, 'netIncomeApplicableToCommonShares': -1393000000}}, {'2020-03-31': {'researchDevelopment': None, 'effectOfAccountingCharges': None, 'incomeBeforeTax': -837000000, 'minorityInterest': 74000000, 'netIncome': -832000000, 'sellingGeneralAdministrative': 73000000, 'grossProfit': 500000000, 'ebit': 472000000, 'operatingIncome': 472000000, 'otherOperatingExpenses': None, 'interestExpense': -105000000, 'extraordinaryItems': None, 'nonRecurring': None, 'otherItems': None, 'incomeTaxExpense': -5000000, 'totalRevenue': 741000000, 'totalOperatingExpenses': 269000000, 'costOfRevenue': 241000000, 'totalOtherIncomeExpenseNet': -1309000000, 'discontinuedOperations': None, 'netIncomeFromContinuingOps': -832000000, 'netIncomeApplicableToCommonShares': -832000000}}, {'2019-03-31': {'researchDevelopment': None, 'effectOfAccountingCharges': None, 'incomeBeforeTax': -123000000, 'minorityInterest': 74000000, 'netIncome': -119000000, 'sellingGeneralAdministrative': 79000000, 'grossProfit': 580000000, 'ebit': 500000000, 'operatingIncome': 500000000, 'otherOperatingExpenses': None, 'interestExpense': -105000000, 'extraordinaryItems': None, 'nonRecurring': None, 'otherItems': None, 'incomeTaxExpense': -4000000, 'totalRevenue': 757000000, 'totalOperatingExpenses': 257000000, 'costOfRevenue': 177000000, 'totalOtherIncomeExpenseNet': -623000000, 'discontinuedOperations': None, 'netIncomeFromContinuingOps': -119000000, 'netIncomeApplicableToCommonShares': -119000000}}], 'LGEN': [{'2021-12-31': {'researchDevelopment': None, 'effectOfAccountingCharges': None, 'incomeBeforeTax': 2632000000, 'minorityInterest': -38000000, 'netIncome': 2050000000, 'sellingGeneralAdministrative': 4000000, 'grossProfit': 4441000000, 'ebit': 2975000000, 'operatingIncome': 2975000000, 'otherOperatingExpenses': 1462000000, 'interestExpense': -239000000, 'extraordinaryItems': None, 'nonRecurring': None, 'otherItems': None, 'incomeTaxExpense': 589000000, 'totalRevenue': 9651000000, 'totalOperatingExpenses': 6676000000, 'costOfRevenue': 5210000000, 'totalOtherIncomeExpenseNet': -343000000, 'discontinuedOperations': None, 'netIncomeFromContinuingOps': 2043000000, 'netIncomeApplicableToCommonShares': 2027000000}}, {'2020-12-31': {'researchDevelopment': None, 'effectOfAccountingCharges': None, 'incomeBeforeTax': 1499000000, 'minorityInterest': -31000000, 'netIncome': 1607000000, 'sellingGeneralAdministrative': 4000000, 'grossProfit': 3217000000, 'ebit': 1804000000, 'operatingIncome': 1804000000, 'otherOperatingExpenses': 1413000000, 'interestExpense': -244000000, 'extraordinaryItems': None, 'nonRecurring': None, 'otherItems': None, 'incomeTaxExpense': 218000000, 'totalRevenue': 18001000000, 'totalOperatingExpenses': 16197000000, 'costOfRevenue': 14784000000, 'totalOtherIncomeExpenseNet': -305000000, 'discontinuedOperations': 290000000, 'netIncomeFromContinuingOps': 1281000000, 'netIncomeApplicableToCommonShares': 1601000000}}, {'2019-12-31': {'researchDevelopment': None, 'effectOfAccountingCharges': None, 'incomeBeforeTax': 2156000000, 'minorityInterest': 55000000, 'netIncome': 1834000000, 'sellingGeneralAdministrative': 4000000, 'grossProfit': 3416000000, 'ebit': 2425000000, 'operatingIncome': 2425000000, 'otherOperatingExpenses': 991000000, 'interestExpense': -221000000, 'extraordinaryItems': None, 'nonRecurring': None, 'otherItems': None, 'incomeTaxExpense': 369000000, 'totalRevenue': 19724000000, 'totalOperatingExpenses': 17299000000, 'costOfRevenue': 16308000000, 'totalOtherIncomeExpenseNet': -269000000, 'discontinuedOperations': 23000000, 'netIncomeFromContinuingOps': 1787000000, 'netIncomeApplicableToCommonShares': 1834000000}}, {'2018-12-31': {'researchDevelopment': None, 'effectOfAccountingCharges': None, 'incomeBeforeTax': 2129000000, 'minorityInterest': 72000000, 'netIncome': 1827000000, 'sellingGeneralAdministrative': 4000000, 'grossProfit': 2893000000, 'ebit': 2347000000, 'operatingIncome': 2347000000, 'otherOperatingExpenses': 546000000, 'interestExpense': -203000000, 'extraordinaryItems': None, 'nonRecurring': None, 'otherItems': None, 'incomeTaxExpense': 364000000, 'totalRevenue': 10992000000, 'totalOperatingExpenses': 8645000000, 'costOfRevenue': 8099000000, 'totalOtherIncomeExpenseNet': -218000000, 'discontinuedOperations': 43000000, 'netIncomeFromContinuingOps': 1765000000, 'netIncomeApplicableToCommonShares': 1827000000}}], 'LLOY': [{'2021-12-31': {'researchDevelopment': None, 'effectOfAccountingCharges': None, 'incomeBeforeTax': 6902000000, 'minorityInterest': 235000000, 'netIncome': 5784000000, 'sellingGeneralAdministrative': 7008000000, 'grossProfit': 16958000000, 'ebit': 0, 'operatingIncome': 8681000000, 'otherOperatingExpenses': 1001000000, 'interestExpense': None, 'extraordinaryItems': None, 'nonRecurring': None, 'otherItems': None, 'incomeTaxExpense': 1017000000, 'totalRevenue': 17127000000, 'totalOperatingExpenses': 8446000000, 'costOfRevenue': 169000000, 'totalOtherIncomeExpenseNet': -1779000000, 'discontinuedOperations': None, 'netIncomeFromContinuingOps': 5885000000, 'netIncomeApplicableToCommonShares': 5355000000}}, {'2020-12-31': {'researchDevelopment': None, 'effectOfAccountingCharges': None, 'incomeBeforeTax': 1226000000, 'minorityInterest': 229000000, 'netIncome': 1318000000, 'sellingGeneralAdministrative': 7201000000, 'grossProfit': 11006000000, 'ebit': 0, 'operatingIncome': 2265000000, 'otherOperatingExpenses': 1344000000, 'interestExpense': None, 'extraordinaryItems': None, 'nonRecurring': None, 'otherItems': None, 'incomeTaxExpense': -161000000, 'totalRevenue': 11180000000, 'totalOperatingExpenses': 8915000000, 'costOfRevenue': 174000000, 'totalOtherIncomeExpenseNet': -1039000000, 'discontinuedOperations': None, 'netIncomeFromContinuingOps': 1387000000, 'netIncomeApplicableToCommonShares': 865000000}}, {'2019-12-31': {'researchDevelopment': None, 'effectOfAccountingCharges': None, 'incomeBeforeTax': 4393000000, 'minorityInterest': 203000000, 'netIncome': 2925000000, 'sellingGeneralAdministrative': 7588000000, 'grossProfit': 16984000000, 'ebit': 0, 'operatingIncome': 5159000000, 'otherOperatingExpenses': 3864000000, 'interestExpense': None, 'extraordinaryItems': None, 'nonRecurring': None, 'otherItems': None, 'incomeTaxExpense': 1387000000, 'totalRevenue': 17171000000, 'totalOperatingExpenses': 12012000000, 'costOfRevenue': 187000000, 'totalOtherIncomeExpenseNet': -766000000, 'discontinuedOperations': None, 'netIncomeFromContinuingOps': 3006000000, 'netIncomeApplicableToCommonShares': 2459000000}}, {'2018-12-31': {'researchDevelopment': None, 'effectOfAccountingCharges': None, 'incomeBeforeTax': 5960000000, 'minorityInterest': 274000000, 'netIncome': 4408000000, 'sellingGeneralAdministrative': 197000000, 'grossProfit': 17360000000, 'ebit': 0, 'operatingIncome': 6070000000, 'otherOperatingExpenses': 10650000000, 'interestExpense': None, 'extraordinaryItems': None, 'nonRecurring': None, 'otherItems': None, 'incomeTaxExpense': 1454000000, 'totalRevenue': 17550000000, 'totalOperatingExpenses': 11480000000, 'costOfRevenue': 190000000, 'totalOtherIncomeExpenseNet': -110000000, 'discontinuedOperations': None, 'netIncomeFromContinuingOps': 4506000000, 'netIncomeApplicableToCommonShares': 3975000000}}], 'LSEG': [{'2021-12-31': {'researchDevelopment': None, 'effectOfAccountingCharges': None, 'incomeBeforeTax': 987000000, 'minorityInterest': 1879000000, 'netIncome': 3129000000, 'sellingGeneralAdministrative': 2785000000, 'grossProfit': 5878000000, 'ebit': 1520000000, 'operatingIncome': 1520000000, 'otherOperatingExpenses': None, 'interestExpense': -175000000, 'extraordinaryItems': None, 'nonRecurring': None, 'otherItems': None, 'incomeTaxExpense': 327000000, 'totalRevenue': 6740000000, 'totalOperatingExpenses': 5220000000, 'costOfRevenue': 862000000, 'totalOtherIncomeExpenseNet': -533000000, 'discontinuedOperations': 2600000000, 'netIncomeFromContinuingOps': 660000000, 'netIncomeApplicableToCommonShares': 3129000000}}, {'2020-12-31': {'researchDevelopment': None, 'effectOfAccountingCharges': None, 'incomeBeforeTax': 492000000, 'minorityInterest': 414000000, 'netIncome': 421000000, 'sellingGeneralAdministrative': 748000000, 'grossProfit': 1822000000, 'ebit': 768000000, 'operatingIncome': 768000000, 'otherOperatingExpenses': None, 'interestExpense': -61000000, 'extraordinaryItems': None, 'nonRecurring': None, 'otherItems': None, 'incomeTaxExpense': 138000000, 'totalRevenue': 2030000000, 'totalOperatingExpenses': 1262000000, 'costOfRevenue': 208000000, 'totalOtherIncomeExpenseNet': -276000000, 'discontinuedOperations': 128000000, 'netIncomeFromContinuingOps': 354000000, 'netIncomeApplicableToCommonShares': 421000000}}, {'2019-12-31': {'researchDevelopment': None, 'effectOfAccountingCharges': None, 'incomeBeforeTax': 651000000, 'minorityInterest': 346000000, 'netIncome': 417000000, 'sellingGeneralAdministrative': 838000000, 'grossProfit': 2104000000, 'ebit': 922000000, 'operatingIncome': 922000000, 'otherOperatingExpenses': None, 'interestExpense': -77000000, 'extraordinaryItems': None, 'nonRecurring': None, 'otherItems': None, 'incomeTaxExpense': 186000000, 'totalRevenue': 2314000000, 'totalOperatingExpenses': 1392000000, 'costOfRevenue': 210000000, 'totalOtherIncomeExpenseNet': -271000000, 'discontinuedOperations': 128000000, 'netIncomeFromContinuingOps': 465000000, 'netIncomeApplicableToCommonShares': 417000000}}, {'2018-12-31': {'researchDevelopment': None, 'effectOfAccountingCharges': None, 'incomeBeforeTax': 685000000, 'minorityInterest': 355000000, 'netIncome': 480000000, 'sellingGeneralAdministrative': 834000000, 'grossProfit': 1908000000, 'ebit': 787000000, 'operatingIncome': 787000000, 'otherOperatingExpenses': None, 'interestExpense': -72000000, 'extraordinaryItems': None, 'nonRecurring': None, 'otherItems': None, 'incomeTaxExpense': 132000000, 'totalRevenue': 2135000000, 'totalOperatingExpenses': 1348000000, 'costOfRevenue': 227000000, 'totalOtherIncomeExpenseNet': -102000000, 'discontinuedOperations': 128000000, 'netIncomeFromContinuingOps': 553000000, 'netIncomeApplicableToCommonShares': 480000000}}], 'MNG': [{'2021-12-31': {'researchDevelopment': None, 'effectOfAccountingCharges': None, 'incomeBeforeTax': 707000000, 'minorityInterest': 49000000, 'netIncome': 83000000, 'sellingGeneralAdministrative': 2428000000, 'grossProfit': 3551000000, 'ebit': 1123000000, 'operatingIncome': 1123000000, 'otherOperatingExpenses': None, 'interestExpense': -321000000, 'extraordinaryItems': None, 'nonRecurring': None, 'otherItems': None, 'incomeTaxExpense': 615000000, 'totalRevenue': 16634000000, 'totalOperatingExpenses': 15511000000, 'costOfRevenue': 13083000000, 'totalOtherIncomeExpenseNet': -416000000, 'discontinuedOperations': None, 'netIncomeFromContinuingOps': 92000000, 'netIncomeApplicableToCommonShares': 83000000}}, {'2020-12-31': {'researchDevelopment': None, 'effectOfAccountingCharges': None, 'incomeBeforeTax': 1605000000, 'minorityInterest': 8000000, 'netIncome': 1138000000, 'sellingGeneralAdministrative': 2319000000, 'grossProfit': 5382000000, 'ebit': 3063000000, 'operatingIncome': 3063000000, 'otherOperatingExpenses': None, 'interestExpense': -320000000, 'extraordinaryItems': None, 'nonRecurring': None, 'otherItems': None, 'incomeTaxExpense': 463000000, 'totalRevenue': 16146000000, 'totalOperatingExpenses': 13083000000, 'costOfRevenue': 10764000000, 'totalOtherIncomeExpenseNet': -1458000000, 'discontinuedOperations': None, 'netIncomeFromContinuingOps': 1142000000, 'netIncomeApplicableToCommonShares': 1138000000}}, {'2019-12-31': {'researchDevelopment': None, 'effectOfAccountingCharges': None, 'incomeBeforeTax': 1745000000, 'minorityInterest': 6000000, 'netIncome': 1120000000, 'sellingGeneralAdministrative': 2498000000, 'grossProfit': 6663000000, 'ebit': 4165000000, 'operatingIncome': 4165000000, 'otherOperatingExpenses': None, 'interestExpense': -182000000, 'extraordinaryItems': None, 'nonRecurring': None, 'otherItems': None, 'incomeTaxExpense': 680000000, 'totalRevenue': 33156000000, 'totalOperatingExpenses': 28991000000, 'costOfRevenue': 26493000000, 'totalOtherIncomeExpenseNet': -2420000000, 'discontinuedOperations': 58000000, 'netIncomeFromContinuingOps': 1065000000, 'netIncomeApplicableToCommonShares': 1120000000}}, {'2018-12-31': {'researchDevelopment': None, 'effectOfAccountingCharges': None, 'incomeBeforeTax': 597000000, 'minorityInterest': 5000000, 'netIncome': 33000000, 'sellingGeneralAdministrative': 2254000000, 'grossProfit': 2708000000, 'ebit': 454000000, 'operatingIncome': 454000000, 'otherOperatingExpenses': None, 'interestExpense': -101000000, 'extraordinaryItems': None, 'nonRecurring': None, 'otherItems': None, 'incomeTaxExpense': -214000000, 'totalRevenue': -2362000000, 'totalOperatingExpenses': -2816000000, 'costOfRevenue': -5070000000, 'totalOtherIncomeExpenseNet': 143000000, 'discontinuedOperations': -776000000, 'netIncomeFromContinuingOps': 811000000, 'netIncomeApplicableToCommonShares': 33000000}}], 'MGGT': None, 'MRO': [{'2021-12-31': {'researchDevelopment': None, 'effectOfAccountingCharges': None, 'incomeBeforeTax': -618000000, 'minorityInterest': 33000000, 'netIncome': 833000000, 'sellingGeneralAdministrative': 1181000000, 'grossProfit': 1011000000, 'ebit': -170000000, 'operatingIncome': -170000000, 'otherOperatingExpenses': None, 'interestExpense': -162000000, 'extraordinaryItems': None, 'nonRecurring': None, 'otherItems': None, 'incomeTaxExpense': -172000000, 'totalRevenue': 6883000000, 'totalOperatingExpenses': 7053000000, 'costOfRevenue': 5872000000, 'totalOtherIncomeExpenseNet': -448000000, 'discontinuedOperations': 1283000000, 'netIncomeFromContinuingOps': -446000000, 'netIncomeApplicableToCommonShares': 833000000}}, {'2020-12-31': {'researchDevelopment': None, 'effectOfAccountingCharges': None, 'incomeBeforeTax': -679000000, 'minorityInterest': 29000000, 'netIncome': -536000000, 'sellingGeneralAdministrative': 1225000000, 'grossProfit': 802000000, 'ebit': -423000000, 'operatingIncome': -423000000, 'otherOperatingExpenses': None, 'interestExpense': -164000000, 'extraordinaryItems': None, 'nonRecurring': None, 'otherItems': None, 'incomeTaxExpense': -114000000, 'totalRevenue': 7132000000, 'totalOperatingExpenses': 7555000000, 'costOfRevenue': 6330000000, 'totalOtherIncomeExpenseNet': -256000000, 'discontinuedOperations': 32000000, 'netIncomeFromContinuingOps': -565000000, 'netIncomeApplicableToCommonShares': -536000000}}, {'2019-12-31': {'researchDevelopment': None, 'effectOfAccountingCharges': None, 'incomeBeforeTax': 106000000, 'minorityInterest': 26000000, 'netIncome': -60000000, 'sellingGeneralAdministrative': 1781000000, 'grossProfit': 2235000000, 'ebit': 454000000, 'operatingIncome': 454000000, 'otherOperatingExpenses': None, 'interestExpense': -184000000, 'extraordinaryItems': None, 'nonRecurring': None, 'otherItems': None, 'incomeTaxExpense': 51000000, 'totalRevenue': 10967000000, 'totalOperatingExpenses': 10513000000, 'costOfRevenue': 8732000000, 'totalOtherIncomeExpenseNet': -348000000, 'discontinuedOperations': -106000000, 'netIncomeFromContinuingOps': 55000000, 'netIncomeApplicableToCommonShares': -60000000}}, {'2018-12-31': {'researchDevelopment': None, 'effectOfAccountingCharges': None, 'incomeBeforeTax': -542000000, 'minorityInterest': 24000000, 'netIncome': -475000000, 'sellingGeneralAdministrative': 1353000000, 'grossProfit': 1682000000, 'ebit': 329000000, 'operatingIncome': 329000000, 'otherOperatingExpenses': None, 'interestExpense': -114000000, 'extraordinaryItems': None, 'nonRecurring': None, 'otherItems': None, 'incomeTaxExpense': -75000000, 'totalRevenue': 8152000000, 'totalOperatingExpenses': 7823000000, 'costOfRevenue': 6470000000, 'totalOtherIncomeExpenseNet': -871000000, 'discontinuedOperations': -8000000, 'netIncomeFromContinuingOps': -467000000, 'netIncomeApplicableToCommonShares': -475000000}}], 'MNDI': [{'2021-12-31': {'researchDevelopment': None, 'effectOfAccountingCharges': None, 'incomeBeforeTax': 983000000, 'minorityInterest': 391000000, 'netIncome': 756000000, 'sellingGeneralAdministrative': 1503000000, 'grossProfit': 3307000000, 'ebit': 1068000000, 'operatingIncome': 1068000000, 'otherOperatingExpenses': 297000000, 'interestExpense': -93000000, 'extraordinaryItems': None, 'nonRecurring': None, 'otherItems': None, 'incomeTaxExpense': 210000000, 'totalRevenue': 7723000000, 'totalOperatingExpenses': 6655000000, 'costOfRevenue': 4416000000, 'totalOtherIncomeExpenseNet': -85000000, 'discontinuedOperations': None, 'netIncomeFromContinuingOps': 773000000, 'netIncomeApplicableToCommonShares': 756000000}}, {'2020-12-31': {'researchDevelopment': None, 'effectOfAccountingCharges': None, 'incomeBeforeTax': 770000000, 'minorityInterest': 380000000, 'netIncome': 582000000, 'sellingGeneralAdministrative': 1403000000, 'grossProfit': 2985000000, 'ebit': 891000000, 'operatingIncome': 891000000, 'otherOperatingExpenses': 263000000, 'interestExpense': -94000000, 'extraordinaryItems': None, 'nonRecurring': None, 'otherItems': None, 'incomeTaxExpense': 168000000, 'totalRevenue': 6663000000, 'totalOperatingExpenses': 5772000000, 'costOfRevenue': 3678000000, 'totalOtherIncomeExpenseNet': -121000000, 'discontinuedOperations': None, 'netIncomeFromContinuingOps': 602000000, 'netIncomeApplicableToCommonShares': 582000000}}, {'2019-12-31': {'researchDevelopment': None, 'effectOfAccountingCharges': None, 'incomeBeforeTax': 1103000000, 'minorityInterest': 370000000, 'netIncome': 812000000, 'sellingGeneralAdministrative': 1444000000, 'grossProfit': 3270000000, 'ebit': 1145000000, 'operatingIncome': 1145000000, 'otherOperatingExpenses': 248000000, 'interestExpense': -100000000, 'extraordinaryItems': None, 'nonRecurring': None, 'otherItems': None, 'incomeTaxExpense': 257000000, 'totalRevenue': 7268000000, 'totalOperatingExpenses': 6123000000, 'costOfRevenue': 3998000000, 'totalOtherIncomeExpenseNet': -42000000, 'discontinuedOperations': None, 'netIncomeFromContinuingOps': 846000000, 'netIncomeApplicableToCommonShares': 812000000}}, {'2018-12-31': {'researchDevelopment': None, 'effectOfAccountingCharges': None, 'incomeBeforeTax': 1105000000, 'minorityInterest': 340000000, 'netIncome': 824000000, 'sellingGeneralAdministrative': 1393000000, 'grossProfit': 3421000000, 'ebit': 1269000000, 'operatingIncome': 1269000000, 'otherOperatingExpenses': 315000000, 'interestExpense': -84000000, 'extraordinaryItems': None, 'nonRecurring': None, 'otherItems': None, 'incomeTaxExpense': 239000000, 'totalRevenue': 7481000000, 'totalOperatingExpenses': 6212000000, 'costOfRevenue': 4060000000, 'totalOtherIncomeExpenseNet': -164000000, 'discontinuedOperations': None, 'netIncomeFromContinuingOps': 866000000, 'netIncomeApplicableToCommonShares': 824000000}}], 'NG.': [{'2022-03-31': {'researchDevelopment': None, 'effectOfAccountingCharges': None, 'incomeBeforeTax': 3441000000, 'minorityInterest': 23000000, 'netIncome': 2353000000, 'sellingGeneralAdministrative': None, 'grossProfit': 18449000000, 'ebit': 4205000000, 'operatingIncome': 4205000000, 'otherOperatingExpenses': 14077000000, 'interestExpense': -1084000000, 'extraordinaryItems': None, 'nonRecurring': None, 'otherItems': None, 'incomeTaxExpense': 1258000000, 'totalRevenue': 18449000000, 'totalOperatingExpenses': 14244000000, 'costOfRevenue': 0, 'totalOtherIncomeExpenseNet': -764000000, 'discontinuedOperations': 171000000, 'netIncomeFromContinuingOps': 2183000000, 'netIncomeApplicableToCommonShares': 2353000000}}, {'2021-03-31': {'researchDevelopment': None, 'effectOfAccountingCharges': None, 'incomeBeforeTax': 1664000000, 'minorityInterest': 21000000, 'netIncome': 1640000000, 'sellingGeneralAdministrative': 51000000, 'grossProfit': 13665000000, 'ebit': 2410000000, 'operatingIncome': 2410000000, 'otherOperatingExpenses': 10879000000, 'interestExpense': -772000000, 'extraordinaryItems': None, 'nonRecurring': None, 'otherItems': None, 'incomeTaxExpense': 360000000, 'totalRevenue': 13665000000, 'totalOperatingExpenses': 11255000000, 'costOfRevenue': 0, 'totalOtherIncomeExpenseNet': -746000000, 'discontinuedOperations': 337000000, 'netIncomeFromContinuingOps': 1304000000, 'netIncomeApplicableToCommonShares': 1640000000}}, {'2020-03-31': {'researchDevelopment': None, 'effectOfAccountingCharges': None, 'incomeBeforeTax': 1400000000, 'minorityInterest': 22000000, 'netIncome': 1264000000, 'sellingGeneralAdministrative': 34000000, 'grossProfit': 13360000000, 'ebit': 2645000000, 'operatingIncome': 2645000000, 'otherOperatingExpenses': 10447000000, 'interestExpense': -890000000, 'extraordinaryItems': None, 'nonRecurring': None, 'otherItems': None, 'incomeTaxExpense': 370000000, 'totalRevenue': 13360000000, 'totalOperatingExpenses': 10715000000, 'costOfRevenue': 0, 'totalOtherIncomeExpenseNet': -1245000000, 'discontinuedOperations': 235000000, 'netIncomeFromContinuingOps': 1030000000, 'netIncomeApplicableToCommonShares': 1264000000}}, {'2019-03-31': {'researchDevelopment': None, 'effectOfAccountingCharges': None, 'incomeBeforeTax': 1841000000, 'minorityInterest': 20000000, 'netIncome': 1511000000, 'sellingGeneralAdministrative': 22000000, 'grossProfit': 14933000000, 'ebit': 3558000000, 'operatingIncome': 3558000000, 'otherOperatingExpenses': 11172000000, 'interestExpense': -970000000, 'extraordinaryItems': None, 'nonRecurring': None, 'otherItems': None, 'incomeTaxExpense': 339000000, 'totalRevenue': 14933000000, 'totalOperatingExpenses': 11375000000, 'costOfRevenue': 0, 'totalOtherIncomeExpenseNet': -1717000000, 'discontinuedOperations': 12000000, 'netIncomeFromContinuingOps': 1502000000, 'netIncomeApplicableToCommonShares': 1511000000}}], 'NWG': [{'2021-12-31': {'researchDevelopment': None, 'effectOfAccountingCharges': None, 'incomeBeforeTax': 4032000000, 'minorityInterest': 7000000, 'netIncome': 3268000000, 'sellingGeneralAdministrative': 6971000000, 'grossProfit': 11935000000, 'ebit': 0, 'operatingIncome': 4964000000, 'otherOperatingExpenses': None, 'interestExpense': None, 'extraordinaryItems': None, 'nonRecurring': None, 'otherItems': None, 'incomeTaxExpense': 996000000, 'totalRevenue': 11935000000, 'totalOperatingExpenses': 6971000000, 'costOfRevenue': 0, 'totalOtherIncomeExpenseNet': -932000000, 'discontinuedOperations': 276000000, 'netIncomeFromContinuingOps': 3036000000, 'netIncomeApplicableToCommonShares': 2950000000}}, {'2020-12-31': {'researchDevelopment': None, 'effectOfAccountingCharges': None, 'incomeBeforeTax': -481000000, 'minorityInterest': -36000000, 'netIncome': -372000000, 'sellingGeneralAdministrative': 6845000000, 'grossProfit': 7759000000, 'ebit': 0, 'operatingIncome': 914000000, 'otherOperatingExpenses': None, 'interestExpense': None, 'extraordinaryItems': None, 'nonRecurring': None, 'otherItems': None, 'incomeTaxExpense': 74000000, 'totalRevenue': 7759000000, 'totalOperatingExpenses': 6845000000, 'costOfRevenue': 0, 'totalOtherIncomeExpenseNet': -1395000000, 'discontinuedOperations': 121000000, 'netIncomeFromContinuingOps': -555000000, 'netIncomeApplicableToCommonShares': -753000000}}, {'2019-12-31': {'researchDevelopment': None, 'effectOfAccountingCharges': None, 'incomeBeforeTax': 3983000000, 'minorityInterest': 9000000, 'netIncome': 3539000000, 'sellingGeneralAdministrative': 7899000000, 'grossProfit': 12206000000, 'ebit': 0, 'operatingIncome': 4307000000, 'otherOperatingExpenses': None, 'interestExpense': None, 'extraordinaryItems': None, 'nonRecurring': None, 'otherItems': None, 'incomeTaxExpense': 439000000, 'totalRevenue': 12206000000, 'totalOperatingExpenses': 7899000000, 'costOfRevenue': 0, 'totalOtherIncomeExpenseNet': -324000000, 'discontinuedOperations': 256000000, 'netIncomeFromContinuingOps': 3544000000, 'netIncomeApplicableToCommonShares': 3133000000}}, {'2018-12-31': {'researchDevelopment': None, 'effectOfAccountingCharges': None, 'incomeBeforeTax': 3359000000, 'minorityInterest': 754000000, 'netIncome': 2159000000, 'sellingGeneralAdministrative': 8604000000, 'grossProfit': 12647000000, 'ebit': 0, 'operatingIncome': 4043000000, 'otherOperatingExpenses': None, 'interestExpense': None, 'extraordinaryItems': None, 'nonRecurring': None, 'otherItems': None, 'incomeTaxExpense': 1208000000, 'totalRevenue': 12647000000, 'totalOperatingExpenses': 8604000000, 'costOfRevenue': 0, 'totalOtherIncomeExpenseNet': -684000000, 'discontinuedOperations': 256000000, 'netIncomeFromContinuingOps': 2151000000, 'netIncomeApplicableToCommonShares': 1622000000}}], 'NXT': [{'2022-01-29': {'researchDevelopment': None, 'effectOfAccountingCharges': None, 'incomeBeforeTax': 823100000, 'minorityInterest': None, 'netIncome': 677500000, 'sellingGeneralAdministrative': 1074000000, 'grossProfit': 1984500000, 'ebit': 881900000, 'operatingIncome': 881900000, 'otherOperatingExpenses': None, 'interestExpense': -86500000, 'extraordinaryItems': None, 'nonRecurring': None, 'otherItems': None, 'incomeTaxExpense': 145600000, 'totalRevenue': 4625900000, 'totalOperatingExpenses': 3744000000, 'costOfRevenue': 2641400000, 'totalOtherIncomeExpenseNet': -58800000, 'discontinuedOperations': None, 'netIncomeFromContinuingOps': 677500000, 'netIncomeApplicableToCommonShares': 677500000}}, {'2021-01-30': {'researchDevelopment': None, 'effectOfAccountingCharges': None, 'incomeBeforeTax': 342400000, 'minorityInterest': None, 'netIncome': 286700000, 'sellingGeneralAdministrative': 834400000, 'grossProfit': 1239400000, 'ebit': 350200000, 'operatingIncome': 350200000, 'otherOperatingExpenses': None, 'interestExpense': -102800000, 'extraordinaryItems': None, 'nonRecurring': None, 'otherItems': None, 'incomeTaxExpense': 55700000, 'totalRevenue': 3534400000, 'totalOperatingExpenses': 3184200000, 'costOfRevenue': 2295000000, 'totalOtherIncomeExpenseNet': -7800000, 'discontinuedOperations': None, 'netIncomeFromContinuingOps': 286700000, 'netIncomeApplicableToCommonShares': 286700000}}, {'2020-01-25': {'researchDevelopment': None, 'effectOfAccountingCharges': None, 'incomeBeforeTax': 748500000, 'minorityInterest': None, 'netIncome': 610200000, 'sellingGeneralAdministrative': 784700000, 'grossProfit': 1682000000, 'ebit': 855800000, 'operatingIncome': 855800000, 'otherOperatingExpenses': None, 'interestExpense': -105400000, 'extraordinaryItems': None, 'nonRecurring': None, 'otherItems': None, 'incomeTaxExpense': 138300000, 'totalRevenue': 4266200000, 'totalOperatingExpenses': 3410400000, 'costOfRevenue': 2584200000, 'totalOtherIncomeExpenseNet': -107300000, 'discontinuedOperations': None, 'netIncomeFromContinuingOps': 610200000, 'netIncomeApplicableToCommonShares': 610200000}}, {'2019-01-26': {'researchDevelopment': None, 'effectOfAccountingCharges': None, 'incomeBeforeTax': 733600000, 'minorityInterest': None, 'netIncome': 599100000, 'sellingGeneralAdministrative': 712900000, 'grossProfit': 1605200000, 'ebit': 839600000, 'operatingIncome': 839600000, 'otherOperatingExpenses': None, 'interestExpense': -107900000, 'extraordinaryItems': None, 'nonRecurring': None, 'otherItems': None, 'incomeTaxExpense': 134500000, 'totalRevenue': 4167400000, 'totalOperatingExpenses': 3327800000, 'costOfRevenue': 2562200000, 'totalOtherIncomeExpenseNet': -106000000, 'discontinuedOperations': None, 'netIncomeFromContinuingOps': 599100000, 'netIncomeApplicableToCommonShares': 599100000}}], 'OCDO': [{'2021-11-28': {'researchDevelopment': None, 'effectOfAccountingCharges': None, 'incomeBeforeTax': -176900000, 'minorityInterest': 121200000, 'netIncome': -223200000, 'sellingGeneralAdministrative': 1213600000, 'grossProfit': 935400000, 'ebit': -174200000, 'operatingIncome': -174200000, 'otherOperatingExpenses': -104000000, 'interestExpense': -71600000, 'extraordinaryItems': None, 'nonRecurring': None, 'otherItems': None, 'incomeTaxExpense': 8800000, 'totalRevenue': 2498300000, 'totalOperatingExpenses': 2672500000, 'costOfRevenue': 1562900000, 'totalOtherIncomeExpenseNet': -2700000, 'discontinuedOperations': None, 'netIncomeFromContinuingOps': -185700000, 'netIncomeApplicableToCommonShares': -223200000}}, {'2020-11-29': {'researchDevelopment': None, 'effectOfAccountingCharges': None, 'incomeBeforeTax': -52300000, 'minorityInterest': 71400000, 'netIncome': -134300000, 'sellingGeneralAdministrative': 979000000, 'grossProfit': 800000000, 'ebit': -91400000, 'operatingIncome': -91400000, 'otherOperatingExpenses': -87600000, 'interestExpense': -55900000, 'extraordinaryItems': None, 'nonRecurring': None, 'otherItems': None, 'incomeTaxExpense': 25600000, 'totalRevenue': 2331800000, 'totalOperatingExpenses': 2423200000, 'costOfRevenue': 1531800000, 'totalOtherIncomeExpenseNet': 39100000, 'discontinuedOperations': None, 'netIncomeFromContinuingOps': -77900000, 'netIncomeApplicableToCommonShares': -134300000}}, {'2019-12-01': {'researchDevelopment': None, 'effectOfAccountingCharges': None, 'incomeBeforeTax': -214500000, 'minorityInterest': 9400000, 'netIncome': -213100000, 'sellingGeneralAdministrative': 886000000, 'grossProfit': 597300000, 'ebit': -204800000, 'operatingIncome': -204800000, 'otherOperatingExpenses': -83900000, 'interestExpense': -30900000, 'extraordinaryItems': None, 'nonRecurring': None, 'otherItems': None, 'incomeTaxExpense': -2700000, 'totalRevenue': 1756600000, 'totalOperatingExpenses': 1961400000, 'costOfRevenue': 1159300000, 'totalOtherIncomeExpenseNet': -9700000, 'discontinuedOperations': None, 'netIncomeFromContinuingOps': -211800000, 'netIncomeApplicableToCommonShares': -213100000}}, {'2018-12-02': {'researchDevelopment': None, 'effectOfAccountingCharges': None, 'incomeBeforeTax': -44400000, 'minorityInterest': 9400000, 'netIncome': -44900000, 'sellingGeneralAdministrative': 651500000, 'grossProfit': 547500000, 'ebit': -32100000, 'operatingIncome': -32100000, 'otherOperatingExpenses': -71900000, 'interestExpense': -14700000, 'extraordinaryItems': None, 'nonRecurring': None, 'otherItems': None, 'incomeTaxExpense': 500000, 'totalRevenue': 1598800000, 'totalOperatingExpenses': 1630900000, 'costOfRevenue': 1051300000, 'totalOtherIncomeExpenseNet': -12300000, 'discontinuedOperations': None, 'netIncomeFromContinuingOps': -44900000, 'netIncomeApplicableToCommonShares': -44900000}}], 'PSON': [{'2021-12-31': {'researchDevelopment': None, 'effectOfAccountingCharges': None, 'incomeBeforeTax': 157000000, 'minorityInterest': 10000000, 'netIncome': 159000000, 'sellingGeneralAdministrative': 1381000000, 'grossProfit': 1681000000, 'ebit': 341000000, 'operatingIncome': 341000000, 'otherOperatingExpenses': -41000000, 'interestExpense': -68000000, 'extraordinaryItems': None, 'nonRecurring': None, 'otherItems': None, 'incomeTaxExpense': -3000000, 'totalRevenue': 3428000000, 'totalOperatingExpenses': 3087000000, 'costOfRevenue': 1747000000, 'totalOtherIncomeExpenseNet': -184000000, 'discontinuedOperations': None, 'netIncomeFromContinuingOps': 160000000, 'netIncomeApplicableToCommonShares': 159000000}}, {'2020-12-31': {'researchDevelopment': None, 'effectOfAccountingCharges': None, 'incomeBeforeTax': 354000000, 'minorityInterest': 9000000, 'netIncome': 310000000, 'sellingGeneralAdministrative': 1441000000, 'grossProfit': 1630000000, 'ebit': 232000000, 'operatingIncome': 232000000, 'otherOperatingExpenses': -43000000, 'interestExpense': -79000000, 'extraordinaryItems': None, 'nonRecurring': None, 'otherItems': None, 'incomeTaxExpense': 44000000, 'totalRevenue': 3397000000, 'totalOperatingExpenses': 3165000000, 'costOfRevenue': 1767000000, 'totalOtherIncomeExpenseNet': 122000000, 'discontinuedOperations': None, 'netIncomeFromContinuingOps': 310000000, 'netIncomeApplicableToCommonShares': 310000000}}, {'2019-12-31': {'researchDevelopment': None, 'effectOfAccountingCharges': None, 'incomeBeforeTax': 232000000, 'minorityInterest': 10000000, 'netIncome': 264000000, 'sellingGeneralAdministrative': 1690000000, 'grossProfit': 2011000000, 'ebit': 375000000, 'operatingIncome': 375000000, 'otherOperatingExpenses': -54000000, 'interestExpense': -67000000, 'extraordinaryItems': None, 'nonRecurring': None, 'otherItems': None, 'incomeTaxExpense': -34000000, 'totalRevenue': 3869000000, 'totalOperatingExpenses': 3494000000, 'costOfRevenue': 1858000000, 'totalOtherIncomeExpenseNet': -143000000, 'discontinuedOperations': None, 'netIncomeFromContinuingOps': 266000000, 'netIncomeApplicableToCommonShares': 264000000}}, {'2018-12-31': {'researchDevelopment': None, 'effectOfAccountingCharges': None, 'incomeBeforeTax': 498000000, 'minorityInterest': 9000000, 'netIncome': 588000000, 'sellingGeneralAdministrative': 1875000000, 'grossProfit': 2186000000, 'ebit': 380000000, 'operatingIncome': 380000000, 'otherOperatingExpenses': -69000000, 'interestExpense': -42000000, 'extraordinaryItems': None, 'nonRecurring': None, 'otherItems': None, 'incomeTaxExpense': -92000000, 'totalRevenue': 4129000000, 'totalOperatingExpenses': 3749000000, 'costOfRevenue': 1943000000, 'totalOtherIncomeExpenseNet': 118000000, 'discontinuedOperations': None, 'netIncomeFromContinuingOps': 590000000, 'netIncomeApplicableToCommonShares': 588000000}}], 'PSH': [{'2021-12-31': {'researchDevelopment': None, 'effectOfAccountingCharges': None, 'incomeBeforeTax': 2523546150, 'minorityInterest': None, 'netIncome': 2436309642, 'sellingGeneralAdministrative': 620608210, 'grossProfit': 3251137117, 'ebit': 2630528907, 'operatingIncome': 2630528907, 'otherOperatingExpenses': None, 'interestExpense': -105493134, 'extraordinaryItems': None, 'nonRecurring': None, 'otherItems': None, 'incomeTaxExpense': 87236508, 'totalRevenue': 3251137117, 'totalOperatingExpenses': 620608210, 'costOfRevenue': 0, 'totalOtherIncomeExpenseNet': -106982757, 'discontinuedOperations': None, 'netIncomeFromContinuingOps': 2436309642, 'netIncomeApplicableToCommonShares': 2436309642}}, {'2020-12-31': {'researchDevelopment': None, 'effectOfAccountingCharges': None, 'incomeBeforeTax': 3759607684, 'minorityInterest': None, 'netIncome': 3698874868, 'sellingGeneralAdministrative': 802703796, 'grossProfit': 4645794298, 'ebit': 3843090502, 'operatingIncome': 3843090502, 'otherOperatingExpenses': None, 'interestExpense': -83482818, 'extraordinaryItems': None, 'nonRecurring': None, 'otherItems': None, 'incomeTaxExpense': 60732816, 'totalRevenue': 4645794298, 'totalOperatingExpenses': 802703796, 'costOfRevenue': 0, 'totalOtherIncomeExpenseNet': -83482818, 'discontinuedOperations': None, 'netIncomeFromContinuingOps': 3698874868, 'netIncomeApplicableToCommonShares': 3698874868}}, {'2019-12-31': {'researchDevelopment': None, 'effectOfAccountingCharges': None, 'incomeBeforeTax': 2181294473, 'minorityInterest': None, 'netIncome': 2149071616, 'sellingGeneralAdministrative': 112243632, 'grossProfit': 2359922747, 'ebit': 2247679115, 'operatingIncome': 2247679115, 'otherOperatingExpenses': None, 'interestExpense': -66384642, 'extraordinaryItems': None, 'nonRecurring': None, 'otherItems': None, 'incomeTaxExpense': 32222857, 'totalRevenue': 2359922747, 'totalOperatingExpenses': 112243632, 'costOfRevenue': 0, 'totalOtherIncomeExpenseNet': -66384642, 'discontinuedOperations': None, 'netIncomeFromContinuingOps': 2149071616, 'netIncomeApplicableToCommonShares': 2149071616}}, {'2018-12-31': {'researchDevelopment': None, 'effectOfAccountingCharges': None, 'incomeBeforeTax': -93511009, 'minorityInterest': None, 'netIncome': -109136923, 'sellingGeneralAdministrative': 60396349, 'grossProfit': 27170756, 'ebit': -33225593, 'operatingIncome': -33225593, 'otherOperatingExpenses': None, 'interestExpense': -60285416, 'extraordinaryItems': None, 'nonRecurring': None, 'otherItems': None, 'incomeTaxExpense': 15625914, 'totalRevenue': 27170756, 'totalOperatingExpenses': 60396349, 'costOfRevenue': 0, 'totalOtherIncomeExpenseNet': -60285416, 'discontinuedOperations': None, 'netIncomeFromContinuingOps': -109136923, 'netIncomeApplicableToCommonShares': -109136923}}], 'PSN': [{'2021-12-31': {'researchDevelopment': None, 'effectOfAccountingCharges': None, 'incomeBeforeTax': 966800000, 'minorityInterest': None, 'netIncome': 787200000, 'sellingGeneralAdministrative': 129000000, 'grossProfit': 1083800000, 'ebit': 959000000, 'operatingIncome': 959000000, 'otherOperatingExpenses': -4200000, 'interestExpense': -3600000, 'extraordinaryItems': None, 'nonRecurring': None, 'otherItems': None, 'incomeTaxExpense': 179600000, 'totalRevenue': 3610500000, 'totalOperatingExpenses': 2651500000, 'costOfRevenue': 2526700000, 'totalOtherIncomeExpenseNet': 7800000, 'discontinuedOperations': None, 'netIncomeFromContinuingOps': 787200000, 'netIncomeApplicableToCommonShares': 787200000}}, {'2020-12-31': {'researchDevelopment': None, 'effectOfAccountingCharges': None, 'incomeBeforeTax': 783800000, 'minorityInterest': None, 'netIncome': 638400000, 'sellingGeneralAdministrative': 114600000, 'grossProfit': 894400000, 'ebit': 785200000, 'operatingIncome': 785200000, 'otherOperatingExpenses': -5400000, 'interestExpense': -8600000, 'extraordinaryItems': None, 'nonRecurring': None, 'otherItems': None, 'incomeTaxExpense': 145400000, 'totalRevenue': 3328300000, 'totalOperatingExpenses': 2543100000, 'costOfRevenue': 2433900000, 'totalOtherIncomeExpenseNet': -1400000, 'discontinuedOperations': None, 'netIncomeFromContinuingOps': 638400000, 'netIncomeApplicableToCommonShares': 638400000}}, {'2019-12-31': {'researchDevelopment': None, 'effectOfAccountingCharges': None, 'incomeBeforeTax': 1040800000, 'minorityInterest': None, 'netIncome': 848800000, 'sellingGeneralAdministrative': 107400000, 'grossProfit': 1130700000, 'ebit': 1030100000, 'operatingIncome': 1030100000, 'otherOperatingExpenses': -6800000, 'interestExpense': -9100000, 'extraordinaryItems': None, 'nonRecurring': None, 'otherItems': None, 'incomeTaxExpense': 192000000, 'totalRevenue': 3649400000, 'totalOperatingExpenses': 2619300000, 'costOfRevenue': 2518700000, 'totalOtherIncomeExpenseNet': 10700000, 'discontinuedOperations': None, 'netIncomeFromContinuingOps': 848800000, 'netIncomeApplicableToCommonShares': 848800000}}, {'2018-12-31': {'researchDevelopment': None, 'effectOfAccountingCharges': None, 'incomeBeforeTax': 1090800000, 'minorityInterest': None, 'netIncome': 886400000, 'sellingGeneralAdministrative': 101100000, 'grossProfit': 1179900000, 'ebit': 1083100000, 'operatingIncome': 1083100000, 'otherOperatingExpenses': -4300000, 'interestExpense': -12300000, 'extraordinaryItems': None, 'nonRecurring': None, 'otherItems': None, 'incomeTaxExpense': 204400000, 'totalRevenue': 3737600000, 'totalOperatingExpenses': 2654500000, 'costOfRevenue': 2557700000, 'totalOtherIncomeExpenseNet': 7700000, 'discontinuedOperations': None, 'netIncomeFromContinuingOps': 886400000, 'netIncomeApplicableToCommonShares': 886400000}}], 'PHNX': [{'2021-12-31': {'researchDevelopment': None, 'effectOfAccountingCharges': None, 'incomeBeforeTax': -430000000, 'minorityInterest': 460000000, 'netIncome': -837000000, 'sellingGeneralAdministrative': 2093000000, 'grossProfit': 777000000, 'ebit': -1423000000, 'operatingIncome': -1423000000, 'otherOperatingExpenses': 87000000, 'interestExpense': -242000000, 'extraordinaryItems': None, 'nonRecurring': None, 'otherItems': None, 'incomeTaxExpense': 279000000, 'totalRevenue': 23220000000, 'totalOperatingExpenses': 24643000000, 'costOfRevenue': 22443000000, 'totalOtherIncomeExpenseNet': 993000000, 'discontinuedOperations': None, 'netIncomeFromContinuingOps': -709000000, 'netIncomeApplicableToCommonShares': -860000000}}, {'2020-12-31': {'researchDevelopment': None, 'effectOfAccountingCharges': None, 'incomeBeforeTax': 1270000000, 'minorityInterest': 341000000, 'netIncome': 798000000, 'sellingGeneralAdministrative': 1718000000, 'grossProfit': 3220000000, 'ebit': 1153000000, 'operatingIncome': 1153000000, 'otherOperatingExpenses': 331000000, 'interestExpense': -234000000, 'extraordinaryItems': None, 'nonRecurring': None, 'otherItems': None, 'incomeTaxExpense': 436000000, 'totalRevenue': 21805000000, 'totalOperatingExpenses': 20652000000, 'costOfRevenue': 18585000000, 'totalOtherIncomeExpenseNet': 117000000, 'discontinuedOperations': None, 'netIncomeFromContinuingOps': 834000000, 'netIncomeApplicableToCommonShares': 775000000}}, {'2019-12-31': {'researchDevelopment': None, 'effectOfAccountingCharges': None, 'incomeBeforeTax': 351000000, 'minorityInterest': 314000000, 'netIncome': 85000000, 'sellingGeneralAdministrative': 1419000000, 'grossProfit': 2600000000, 'ebit': 727000000, 'operatingIncome': 727000000, 'otherOperatingExpenses': 434000000, 'interestExpense': -162000000, 'extraordinaryItems': None, 'nonRecurring': None, 'otherItems': None, 'incomeTaxExpense': 235000000, 'totalRevenue': 29142000000, 'totalOperatingExpenses': 28415000000, 'costOfRevenue': 26542000000, 'totalOtherIncomeExpenseNet': -376000000, 'discontinuedOperations': None, 'netIncomeFromContinuingOps': 116000000, 'netIncomeApplicableToCommonShares': 62000000}}, {'2018-12-31': {'researchDevelopment': None, 'effectOfAccountingCharges': None, 'incomeBeforeTax': 259000000, 'minorityInterest': 294000000, 'netIncome': 379000000, 'sellingGeneralAdministrative': 1013000000, 'grossProfit': 1153000000, 'ebit': 321000000, 'operatingIncome': 321000000, 'otherOperatingExpenses': -199000000, 'interestExpense': -142000000, 'extraordinaryItems': None, 'nonRecurring': None, 'otherItems': None, 'incomeTaxExpense': -151000000, 'totalRevenue': -6890000000, 'totalOperatingExpenses': -7211000000, 'costOfRevenue': -8043000000, 'totalOtherIncomeExpenseNet': -62000000, 'discontinuedOperations': None, 'netIncomeFromContinuingOps': 410000000, 'netIncomeApplicableToCommonShares': 367000000}}], 'PRU': [{'2021-12-31': {'researchDevelopment': None, 'effectOfAccountingCharges': None, 'incomeBeforeTax': 3018000000, 'minorityInterest': 176000000, 'netIncome': -2042000000, 'sellingGeneralAdministrative': 3128000000, 'grossProfit': 6005000000, 'ebit': 3029000000, 'operatingIncome': 3029000000, 'otherOperatingExpenses': -152000000, 'interestExpense': -328000000, 'extraordinaryItems': None, 'nonRecurring': None, 'otherItems': None, 'incomeTaxExpense': 804000000, 'totalRevenue': 26500000000, 'totalOperatingExpenses': 23471000000, 'costOfRevenue': 20495000000, 'totalOtherIncomeExpenseNet': -11000000, 'discontinuedOperations': -4234000000, 'netIncomeFromContinuingOps': 2214000000, 'netIncomeApplicableToCommonShares': -2042000000}}, {'2020-12-31': {'researchDevelopment': None, 'effectOfAccountingCharges': None, 'incomeBeforeTax': 3179000000, 'minorityInterest': 1241000000, 'netIncome': 2118000000, 'sellingGeneralAdministrative': 2433000000, 'grossProfit': 5888000000, 'ebit': 3008000000, 'operatingIncome': 3008000000, 'otherOperatingExpenses': 447000000, 'interestExpense': -316000000, 'extraordinaryItems': None, 'nonRecurring': None, 'otherItems': None, 'incomeTaxExpense': 711000000, 'totalRevenue': 36247000000, 'totalOperatingExpenses': 33239000000, 'costOfRevenue': 30359000000, 'totalOtherIncomeExpenseNet': 171000000, 'discontinuedOperations': -340000000, 'netIncomeFromContinuingOps': 2468000000, 'netIncomeApplicableToCommonShares': 2118000000}}, {'2019-12-31': {'researchDevelopment': None, 'effectOfAccountingCharges': None, 'incomeBeforeTax': 2287000000, 'minorityInterest': 192000000, 'netIncome': 783000000, 'sellingGeneralAdministrative': 5019000000, 'grossProfit': 7770000000, 'ebit': 2548000000, 'operatingIncome': 2548000000, 'otherOperatingExpenses': 203000000, 'interestExpense': -516000000, 'extraordinaryItems': None, 'nonRecurring': None, 'otherItems': None, 'incomeTaxExpense': 334000000, 'totalRevenue': 93736000000, 'totalOperatingExpenses': 91188000000, 'costOfRevenue': 85966000000, 'totalOtherIncomeExpenseNet': -261000000, 'discontinuedOperations': -1161000000, 'netIncomeFromContinuingOps': 1953000000, 'netIncomeApplicableToCommonShares': 783000000}}, {'2018-12-31': {'researchDevelopment': None, 'effectOfAccountingCharges': None, 'incomeBeforeTax': 3557000000, 'minorityInterest': 23000000, 'netIncome': 4019000000, 'sellingGeneralAdministrative': 3877000000, 'grossProfit': 8165000000, 'ebit': 3892000000, 'operatingIncome': 3892000000, 'otherOperatingExpenses': 396000000, 'interestExpense': -547000000, 'extraordinaryItems': None, 'nonRecurring': None, 'otherItems': None, 'incomeTaxExpense': 676000000, 'totalRevenue': 35845000000, 'totalOperatingExpenses': 31953000000, 'costOfRevenue': 27680000000, 'totalOtherIncomeExpenseNet': -335000000, 'discontinuedOperations': 1142000000, 'netIncomeFromContinuingOps': 2881000000, 'netIncomeApplicableToCommonShares': 4019000000}}], 'RKT': [{'2021-12-31': {'researchDevelopment': 313000000, 'effectOfAccountingCharges': None, 'incomeBeforeTax': -260000000, 'minorityInterest': 54000000, 'netIncome': -32000000, 'sellingGeneralAdministrative': 4650000000, 'grossProfit': 7690000000, 'ebit': 2730000000, 'operatingIncome': 2730000000, 'otherOperatingExpenses': -3000000, 'interestExpense': -244000000, 'extraordinaryItems': None, 'nonRecurring': None, 'otherItems': None, 'incomeTaxExpense': -208000000, 'totalRevenue': 13234000000, 'totalOperatingExpenses': 10504000000, 'costOfRevenue': 5544000000, 'totalOtherIncomeExpenseNet': -2990000000, 'discontinuedOperations': 31000000, 'netIncomeFromContinuingOps': -52000000, 'netIncomeApplicableToCommonShares': -32000000}}, {'2020-12-31': {'researchDevelopment': 288000000, 'effectOfAccountingCharges': None, 'incomeBeforeTax': 1873000000, 'minorityInterest': 44000000, 'netIncome': 1187000000, 'sellingGeneralAdministrative': 5004000000, 'grossProfit': 8435000000, 'ebit': 3150000000, 'operatingIncome': 3150000000, 'otherOperatingExpenses': -7000000, 'interestExpense': -276000000, 'extraordinaryItems': None, 'nonRecurring': None, 'otherItems': None, 'incomeTaxExpense': 720000000, 'totalRevenue': 13993000000, 'totalOperatingExpenses': 10843000000, 'costOfRevenue': 5558000000, 'totalOtherIncomeExpenseNet': -1277000000, 'discontinuedOperations': 50000000, 'netIncomeFromContinuingOps': 1153000000, 'netIncomeApplicableToCommonShares': 1187000000}}, {'2019-12-31': {'researchDevelopment': 257000000, 'effectOfAccountingCharges': None, 'incomeBeforeTax': -2107000000, 'minorityInterest': 44000000, 'netIncome': -3683000000, 'sellingGeneralAdministrative': 4365000000, 'grossProfit': 7778000000, 'ebit': 3159000000, 'operatingIncome': 3159000000, 'otherOperatingExpenses': -3000000, 'interestExpense': -331000000, 'extraordinaryItems': None, 'nonRecurring': None, 'otherItems': None, 'incomeTaxExpense': 665000000, 'totalRevenue': 12846000000, 'totalOperatingExpenses': 9687000000, 'costOfRevenue': 5068000000, 'totalOtherIncomeExpenseNet': -5266000000, 'discontinuedOperations': -898000000, 'netIncomeFromContinuingOps': -2772000000, 'netIncomeApplicableToCommonShares': -3683000000}}, {'2018-12-31': {'researchDevelopment': 230000000, 'effectOfAccountingCharges': None, 'incomeBeforeTax': 2720000000, 'minorityInterest': 47000000, 'netIncome': 2159000000, 'sellingGeneralAdministrative': 4042000000, 'grossProfit': 7635000000, 'ebit': 3367000000, 'operatingIncome': 3367000000, 'otherOperatingExpenses': -4000000, 'interestExpense': -381000000, 'extraordinaryItems': None, 'nonRecurring': None, 'otherItems': None, 'incomeTaxExpense': 536000000, 'totalRevenue': 12597000000, 'totalOperatingExpenses': 9230000000, 'costOfRevenue': 4962000000, 'totalOtherIncomeExpenseNet': -647000000, 'discontinuedOperations': -5000000, 'netIncomeFromContinuingOps': 2184000000, 'netIncomeApplicableToCommonShares': 2159000000}}], 'REL': [{'2021-12-31': {'researchDevelopment': None, 'effectOfAccountingCharges': None, 'incomeBeforeTax': 1797000000, 'minorityInterest': -8000000, 'netIncome': 1471000000, 'sellingGeneralAdministrative': 2823000000, 'grossProfit': 4682000000, 'ebit': 1859000000, 'operatingIncome': 1859000000, 'otherOperatingExpenses': None, 'interestExpense': -125000000, 'extraordinaryItems': None, 'nonRecurring': None, 'otherItems': None, 'incomeTaxExpense': 326000000, 'totalRevenue': 7244000000, 'totalOperatingExpenses': 5385000000, 'costOfRevenue': 2562000000, 'totalOtherIncomeExpenseNet': -62000000, 'discontinuedOperations': None, 'netIncomeFromContinuingOps': 1471000000, 'netIncomeApplicableToCommonShares': 1471000000}}, {'2020-12-31': {'researchDevelopment': None, 'effectOfAccountingCharges': None, 'incomeBeforeTax': 1483000000, 'minorityInterest': 2000000, 'netIncome': 1224000000, 'sellingGeneralAdministrative': 2875000000, 'grossProfit': 4623000000, 'ebit': 1748000000, 'operatingIncome': 1748000000, 'otherOperatingExpenses': None, 'interestExpense': -151000000, 'extraordinaryItems': None, 'nonRecurring': None, 'otherItems': None, 'incomeTaxExpense': 275000000, 'totalRevenue': 7110000000, 'totalOperatingExpenses': 5362000000, 'costOfRevenue': 2487000000, 'totalOtherIncomeExpenseNet': -265000000, 'discontinuedOperations': None, 'netIncomeFromContinuingOps': 1208000000, 'netIncomeApplicableToCommonShares': 1224000000}}, {'2019-12-31': {'researchDevelopment': None, 'effectOfAccountingCharges': None, 'incomeBeforeTax': 1847000000, 'minorityInterest': 24000000, 'netIncome': 1505000000, 'sellingGeneralAdministrative': 3072000000, 'grossProfit': 5119000000, 'ebit': 2047000000, 'operatingIncome': 2047000000, 'otherOperatingExpenses': None, 'interestExpense': -202000000, 'extraordinaryItems': None, 'nonRecurring': None, 'otherItems': None, 'incomeTaxExpense': 338000000, 'totalRevenue': 7874000000, 'totalOperatingExpenses': 5827000000, 'costOfRevenue': 2755000000, 'totalOtherIncomeExpenseNet': -200000000, 'discontinuedOperations': None, 'netIncomeFromContinuingOps': 1509000000, 'netIncomeApplicableToCommonShares': 1505000000}}, {'2018-12-31': {'researchDevelopment': None, 'effectOfAccountingCharges': None, 'incomeBeforeTax': 1720000000, 'minorityInterest': 30000000, 'netIncome': 1422000000, 'sellingGeneralAdministrative': 2925000000, 'grossProfit': 4848000000, 'ebit': 1923000000, 'operatingIncome': 1923000000, 'otherOperatingExpenses': None, 'interestExpense': -197000000, 'extraordinaryItems': None, 'nonRecurring': None, 'otherItems': None, 'incomeTaxExpense': 292000000, 'totalRevenue': 7492000000, 'totalOperatingExpenses': 5569000000, 'costOfRevenue': 2644000000, 'totalOtherIncomeExpenseNet': -203000000, 'discontinuedOperations': None, 'netIncomeFromContinuingOps': 1428000000, 'netIncomeApplicableToCommonShares': 1422000000}}], 'RTO': [{'2021-12-31': {'researchDevelopment': None, 'effectOfAccountingCharges': None, 'incomeBeforeTax': 325100000, 'minorityInterest': -500000, 'netIncome': 263200000, 'sellingGeneralAdministrative': 1607600000, 'grossProfit': 2367300000, 'ebit': 368900000, 'operatingIncome': 368900000, 'otherOperatingExpenses': 173000000, 'interestExpense': -33300000, 'extraordinaryItems': None, 'nonRecurring': None, 'otherItems': None, 'incomeTaxExpense': 61900000, 'totalRevenue': 2956600000, 'totalOperatingExpenses': 2587700000, 'costOfRevenue': 589300000, 'totalOtherIncomeExpenseNet': -43800000, 'discontinuedOperations': None, 'netIncomeFromContinuingOps': 263200000, 'netIncomeApplicableToCommonShares': 263200000}}, {'2020-12-31': {'researchDevelopment': None, 'effectOfAccountingCharges': None, 'incomeBeforeTax': 229800000, 'minorityInterest': 900000, 'netIncome': 186300000, 'sellingGeneralAdministrative': 1500900000, 'grossProfit': 2217100000, 'ebit': 315400000, 'operatingIncome': 315400000, 'otherOperatingExpenses': 180900000, 'interestExpense': -40300000, 'extraordinaryItems': None, 'nonRecurring': None, 'otherItems': None, 'incomeTaxExpense': 43500000, 'totalRevenue': 2803300000, 'totalOperatingExpenses': 2487900000, 'costOfRevenue': 586200000, 'totalOtherIncomeExpenseNet': -85600000, 'discontinuedOperations': None, 'netIncomeFromContinuingOps': 186300000, 'netIncomeApplicableToCommonShares': 186300000}}, {'2019-12-31': {'researchDevelopment': None, 'effectOfAccountingCharges': None, 'incomeBeforeTax': 338500000, 'minorityInterest': 600000, 'netIncome': 283800000, 'sellingGeneralAdministrative': 1516100000, 'grossProfit': 2146100000, 'ebit': 293600000, 'operatingIncome': 293600000, 'otherOperatingExpenses': 115300000, 'interestExpense': -58400000, 'extraordinaryItems': None, 'nonRecurring': None, 'otherItems': None, 'incomeTaxExpense': 54700000, 'totalRevenue': 2714400000, 'totalOperatingExpenses': 2420800000, 'costOfRevenue': 568300000, 'totalOtherIncomeExpenseNet': 44900000, 'discontinuedOperations': None, 'netIncomeFromContinuingOps': 283800000, 'netIncomeApplicableToCommonShares': 283800000}}, {'2018-12-31': {'researchDevelopment': None, 'effectOfAccountingCharges': None, 'incomeBeforeTax': -114100000, 'minorityInterest': 400000, 'netIncome': -98300000, 'sellingGeneralAdministrative': 1364000000, 'grossProfit': 1958100000, 'ebit': 283100000, 'operatingIncome': 283100000, 'otherOperatingExpenses': 102800000, 'interestExpense': -54900000, 'extraordinaryItems': None, 'nonRecurring': None, 'otherItems': None, 'incomeTaxExpense': -15800000, 'totalRevenue': 2472300000, 'totalOperatingExpenses': 2189200000, 'costOfRevenue': 514200000, 'totalOtherIncomeExpenseNet': -397200000, 'discontinuedOperations': None, 'netIncomeFromContinuingOps': -98300000, 'netIncomeApplicableToCommonShares': -98300000}}], 'RMV': [{'2021-12-31': {'researchDevelopment': None, 'effectOfAccountingCharges': None, 'incomeBeforeTax': 225649000, 'minorityInterest': None, 'netIncome': 183094000, 'sellingGeneralAdministrative': 76519000, 'grossProfit': 304886000, 'ebit': 223668000, 'operatingIncome': 223668000, 'otherOperatingExpenses': None, 'interestExpense': -471000, 'extraordinaryItems': None, 'nonRecurring': None, 'otherItems': None, 'incomeTaxExpense': 42555000, 'totalRevenue': 304886000, 'totalOperatingExpenses': 81218000, 'costOfRevenue': 0, 'totalOtherIncomeExpenseNet': 1981000, 'discontinuedOperations': None, 'netIncomeFromContinuingOps': 183094000, 'netIncomeApplicableToCommonShares': 183094000}}, {'2020-12-31': {'researchDevelopment': None, 'effectOfAccountingCharges': None, 'incomeBeforeTax': 134815000, 'minorityInterest': None, 'netIncome': 109775000, 'sellingGeneralAdministrative': 65623000, 'grossProfit': 205717000, 'ebit': 135123000, 'operatingIncome': 135123000, 'otherOperatingExpenses': None, 'interestExpense': -478000, 'extraordinaryItems': None, 'nonRecurring': None, 'otherItems': None, 'incomeTaxExpense': 25040000, 'totalRevenue': 205717000, 'totalOperatingExpenses': 70594000, 'costOfRevenue': 0, 'totalOtherIncomeExpenseNet': -308000, 'discontinuedOperations': None, 'netIncomeFromContinuingOps': 109775000, 'netIncomeApplicableToCommonShares': 109775000}}, {'2019-12-31': {'researchDevelopment': None, 'effectOfAccountingCharges': None, 'incomeBeforeTax': 213562000, 'minorityInterest': None, 'netIncome': 173089000, 'sellingGeneralAdministrative': 70953000, 'grossProfit': 289320000, 'ebit': 214033000, 'operatingIncome': 214033000, 'otherOperatingExpenses': None, 'interestExpense': -486000, 'extraordinaryItems': None, 'nonRecurring': None, 'otherItems': None, 'incomeTaxExpense': 40473000, 'totalRevenue': 289320000, 'totalOperatingExpenses': 75287000, 'costOfRevenue': 0, 'totalOtherIncomeExpenseNet': -471000, 'discontinuedOperations': None, 'netIncomeFromContinuingOps': 173089000, 'netIncomeApplicableToCommonShares': 173089000}}, {'2018-12-31': {'researchDevelopment': None, 'effectOfAccountingCharges': None, 'incomeBeforeTax': 198270000, 'minorityInterest': None, 'netIncome': 160455000, 'sellingGeneralAdministrative': 64560000, 'grossProfit': 267821000, 'ebit': 198590000, 'operatingIncome': 198590000, 'otherOperatingExpenses': None, 'interestExpense': -491000, 'extraordinaryItems': None, 'nonRecurring': None, 'otherItems': None, 'incomeTaxExpense': 37815000, 'totalRevenue': 267821000, 'totalOperatingExpenses': 69231000, 'costOfRevenue': 0, 'totalOtherIncomeExpenseNet': -320000, 'discontinuedOperations': None, 'netIncomeFromContinuingOps': 160455000, 'netIncomeApplicableToCommonShares': 160455000}}], 'RIO': [{'2021-12-31': {'researchDevelopment': None, 'effectOfAccountingCharges': None, 'incomeBeforeTax': 30833000000, 'minorityInterest': 5158000000, 'netIncome': 21094000000, 'sellingGeneralAdministrative': 538000000, 'grossProfit': 31343000000, 'ebit': 29428000000, 'operatingIncome': 29428000000, 'otherOperatingExpenses': 649000000, 'interestExpense': -178000000, 'extraordinaryItems': None, 'nonRecurring': None, 'otherItems': None, 'incomeTaxExpense': 8258000000, 'totalRevenue': 63495000000, 'totalOperatingExpenses': 34067000000, 'costOfRevenue': 32152000000, 'totalOtherIncomeExpenseNet': 1405000000, 'discontinuedOperations': None, 'netIncomeFromContinuingOps': 22575000000, 'netIncomeApplicableToCommonShares': 21094000000}}, {'2020-12-31': {'researchDevelopment': None, 'effectOfAccountingCharges': None, 'incomeBeforeTax': 15391000000, 'minorityInterest': 4849000000, 'netIncome': 9769000000, 'sellingGeneralAdministrative': 345000000, 'grossProfit': 18702000000, 'ebit': 16905000000, 'operatingIncome': 16905000000, 'otherOperatingExpenses': 500000000, 'interestExpense': -271000000, 'extraordinaryItems': None, 'nonRecurring': None, 'otherItems': None, 'incomeTaxExpense': 4991000000, 'totalRevenue': 44611000000, 'totalOperatingExpenses': 27706000000, 'costOfRevenue': 25909000000, 'totalOtherIncomeExpenseNet': -1514000000, 'discontinuedOperations': None, 'netIncomeFromContinuingOps': 10400000000, 'netIncomeApplicableToCommonShares': 9769000000}}, {'2019-12-31': {'researchDevelopment': None, 'effectOfAccountingCharges': None, 'incomeBeforeTax': 11119000000, 'minorityInterest': 4710000000, 'netIncome': 8010000000, 'sellingGeneralAdministrative': 342000000, 'grossProfit': 16200000000, 'ebit': 14782000000, 'operatingIncome': 14782000000, 'otherOperatingExpenses': 452000000, 'interestExpense': -550000000, 'extraordinaryItems': None, 'nonRecurring': None, 'otherItems': None, 'incomeTaxExpense': 4147000000, 'totalRevenue': 43165000000, 'totalOperatingExpenses': 28383000000, 'costOfRevenue': 26965000000, 'totalOtherIncomeExpenseNet': -3663000000, 'discontinuedOperations': None, 'netIncomeFromContinuingOps': 6972000000, 'netIncomeApplicableToCommonShares': 8010000000}}, {'2018-12-31': {'researchDevelopment': None, 'effectOfAccountingCharges': None, 'incomeBeforeTax': 18167000000, 'minorityInterest': 6137000000, 'netIncome': 13638000000, 'sellingGeneralAdministrative': 787000000, 'grossProfit': 14194000000, 'ebit': 12485000000, 'operatingIncome': 12485000000, 'otherOperatingExpenses': 434000000, 'interestExpense': -481000000, 'extraordinaryItems': None, 'nonRecurring': None, 'otherItems': None, 'incomeTaxExpense': 4242000000, 'totalRevenue': 40522000000, 'totalOperatingExpenses': 28037000000, 'costOfRevenue': 26328000000, 'totalOtherIncomeExpenseNet': 5682000000, 'discontinuedOperations': None, 'netIncomeFromContinuingOps': 13925000000, 'netIncomeApplicableToCommonShares': 13638000000}}], 'RR.': [{'2021-12-31': {'researchDevelopment': 778000000, 'effectOfAccountingCharges': None, 'incomeBeforeTax': -294000000, 'minorityInterest': 26000000, 'netIncome': 120000000, 'sellingGeneralAdministrative': 893000000, 'grossProfit': 2136000000, 'ebit': 465000000, 'operatingIncome': 465000000, 'otherOperatingExpenses': None, 'interestExpense': -172000000, 'extraordinaryItems': None, 'nonRecurring': None, 'otherItems': None, 'incomeTaxExpense': -418000000, 'totalRevenue': 11218000000, 'totalOperatingExpenses': 10753000000, 'costOfRevenue': 9082000000, 'totalOtherIncomeExpenseNet': -759000000, 'discontinuedOperations': -3000000, 'netIncomeFromContinuingOps': 124000000, 'netIncomeApplicableToCommonShares': 120000000}}, {'2020-12-31': {'researchDevelopment': 723000000, 'effectOfAccountingCharges': None, 'incomeBeforeTax': -2799000000, 'minorityInterest': 22000000, 'netIncome': -3170000000, 'sellingGeneralAdministrative': 772000000, 'grossProfit': 1113000000, 'ebit': -382000000, 'operatingIncome': -382000000, 'otherOperatingExpenses': None, 'interestExpense': -253000000, 'extraordinaryItems': None, 'nonRecurring': None, 'otherItems': None, 'incomeTaxExpense': 302000000, 'totalRevenue': 11491000000, 'totalOperatingExpenses': 11873000000, 'costOfRevenue': 10378000000, 'totalOtherIncomeExpenseNet': -2417000000, 'discontinuedOperations': -68000000, 'netIncomeFromContinuingOps': -3101000000, 'netIncomeApplicableToCommonShares': -3170000000}}, {'2019-12-31': {'researchDevelopment': 770000000, 'effectOfAccountingCharges': None, 'incomeBeforeTax': -891000000, 'minorityInterest': 22000000, 'netIncome': -1315000000, 'sellingGeneralAdministrative': 1105000000, 'grossProfit': 942000000, 'ebit': -933000000, 'operatingIncome': -933000000, 'otherOperatingExpenses': None, 'interestExpense': -168000000, 'extraordinaryItems': None, 'nonRecurring': None, 'otherItems': None, 'incomeTaxExpense': 420000000, 'totalRevenue': 16587000000, 'totalOperatingExpenses': 17520000000, 'costOfRevenue': 15645000000, 'totalOtherIncomeExpenseNet': 42000000, 'discontinuedOperations': -68000000, 'netIncomeFromContinuingOps': -1311000000, 'netIncomeApplicableToCommonShares': -1315000000}}, {'2018-12-31': {'researchDevelopment': 768000000, 'effectOfAccountingCharges': None, 'incomeBeforeTax': -2947000000, 'minorityInterest': 22000000, 'netIncome': -2401000000, 'sellingGeneralAdministrative': 1572000000, 'grossProfit': 1198000000, 'ebit': -1142000000, 'operatingIncome': -1142000000, 'otherOperatingExpenses': None, 'interestExpense': -107000000, 'extraordinaryItems': None, 'nonRecurring': None, 'otherItems': None, 'incomeTaxExpense': -554000000, 'totalRevenue': 15729000000, 'totalOperatingExpenses': 16871000000, 'costOfRevenue': 14531000000, 'totalOtherIncomeExpenseNet': -1805000000, 'discontinuedOperations': -68000000, 'netIncomeFromContinuingOps': -2393000000, 'netIncomeApplicableToCommonShares': -2401000000}}], 'RS1': [{'2022-03-31': {'researchDevelopment': None, 'effectOfAccountingCharges': None, 'incomeBeforeTax': 302200000, 'minorityInterest': None, 'netIncome': 230000000, 'sellingGeneralAdministrative': 819100000, 'grossProfit': 1127900000, 'ebit': 308800000, 'operatingIncome': 308800000, 'otherOperatingExpenses': None, 'interestExpense': -7700000, 'extraordinaryItems': None, 'nonRecurring': None, 'otherItems': None, 'incomeTaxExpense': 72200000, 'totalRevenue': 2553700000, 'totalOperatingExpenses': 2244900000, 'costOfRevenue': 1425800000, 'totalOtherIncomeExpenseNet': -6600000, 'discontinuedOperations': None, 'netIncomeFromContinuingOps': 230000000, 'netIncomeApplicableToCommonShares': 230000000}}, {'2021-03-31': {'researchDevelopment': None, 'effectOfAccountingCharges': None, 'incomeBeforeTax': 160600000, 'minorityInterest': None, 'netIncome': 125500000, 'sellingGeneralAdministrative': 688800000, 'grossProfit': 856000000, 'ebit': 167200000, 'operatingIncome': 167200000, 'otherOperatingExpenses': None, 'interestExpense': -8400000, 'extraordinaryItems': None, 'nonRecurring': None, 'otherItems': None, 'incomeTaxExpense': 35100000, 'totalRevenue': 2002700000, 'totalOperatingExpenses': 1835500000, 'costOfRevenue': 1146700000, 'totalOtherIncomeExpenseNet': -6600000, 'discontinuedOperations': None, 'netIncomeFromContinuingOps': 125500000, 'netIncomeApplicableToCommonShares': 125500000}}, {'2020-03-31': {'researchDevelopment': None, 'effectOfAccountingCharges': None, 'incomeBeforeTax': 199600000, 'minorityInterest': None, 'netIncome': 154700000, 'sellingGeneralAdministrative': 649400000, 'grossProfit': 854700000, 'ebit': 205300000, 'operatingIncome': 205300000, 'otherOperatingExpenses': None, 'interestExpense': -9100000, 'extraordinaryItems': None, 'nonRecurring': None, 'otherItems': None, 'incomeTaxExpense': 44900000, 'totalRevenue': 1953800000, 'totalOperatingExpenses': 1748500000, 'costOfRevenue': 1099100000, 'totalOtherIncomeExpenseNet': -5700000, 'discontinuedOperations': None, 'netIncomeFromContinuingOps': 154700000, 'netIncomeApplicableToCommonShares': 154700000}}, {'2019-03-31': {'researchDevelopment': None, 'effectOfAccountingCharges': None, 'incomeBeforeTax': 195200000, 'minorityInterest': None, 'netIncome': 148100000, 'sellingGeneralAdministrative': 637600000, 'grossProfit': 838600000, 'ebit': 201000000, 'operatingIncome': 201000000, 'otherOperatingExpenses': None, 'interestExpense': -9400000, 'extraordinaryItems': None, 'nonRecurring': None, 'otherItems': None, 'incomeTaxExpense': 47100000, 'totalRevenue': 1884400000, 'totalOperatingExpenses': 1683400000, 'costOfRevenue': 1045800000, 'totalOtherIncomeExpenseNet': -5800000, 'discontinuedOperations': None, 'netIncomeFromContinuingOps': 148100000, 'netIncomeApplicableToCommonShares': 148100000}}], 'SGE': [{'2021-09-30': {'researchDevelopment': None, 'effectOfAccountingCharges': None, 'incomeBeforeTax': 347000000, 'minorityInterest': None, 'netIncome': 285000000, 'sellingGeneralAdministrative': 1169000000, 'grossProfit': 1715000000, 'ebit': 453000000, 'operatingIncome': 453000000, 'otherOperatingExpenses': None, 'interestExpense': -27000000, 'extraordinaryItems': None, 'nonRecurring': None, 'otherItems': None, 'incomeTaxExpense': 62000000, 'totalRevenue': 1846000000, 'totalOperatingExpenses': 1393000000, 'costOfRevenue': 131000000, 'totalOtherIncomeExpenseNet': -106000000, 'discontinuedOperations': None, 'netIncomeFromContinuingOps': 285000000, 'netIncomeApplicableToCommonShares': 285000000}}, {'2020-09-30': {'researchDevelopment': None, 'effectOfAccountingCharges': None, 'incomeBeforeTax': 373000000, 'minorityInterest': None, 'netIncome': 310000000, 'sellingGeneralAdministrative': 1108000000, 'grossProfit': 1777000000, 'ebit': 519000000, 'operatingIncome': 519000000, 'otherOperatingExpenses': None, 'interestExpense': -28000000, 'extraordinaryItems': None, 'nonRecurring': None, 'otherItems': None, 'incomeTaxExpense': 63000000, 'totalRevenue': 1903000000, 'totalOperatingExpenses': 1384000000, 'costOfRevenue': 126000000, 'totalOtherIncomeExpenseNet': -146000000, 'discontinuedOperations': None, 'netIncomeFromContinuingOps': 310000000, 'netIncomeApplicableToCommonShares': 310000000}}, {'2019-09-30': {'researchDevelopment': None, 'effectOfAccountingCharges': None, 'incomeBeforeTax': 361000000, 'minorityInterest': None, 'netIncome': 266000000, 'sellingGeneralAdministrative': 1258000000, 'grossProfit': 1798000000, 'ebit': 445000000, 'operatingIncome': 445000000, 'otherOperatingExpenses': None, 'interestExpense': -29000000, 'extraordinaryItems': None, 'nonRecurring': None, 'otherItems': None, 'incomeTaxExpense': 95000000, 'totalRevenue': 1936000000, 'totalOperatingExpenses': 1491000000, 'costOfRevenue': 138000000, 'totalOtherIncomeExpenseNet': -84000000, 'discontinuedOperations': None, 'netIncomeFromContinuingOps': 266000000, 'netIncomeApplicableToCommonShares': 266000000}}, {'2018-09-30': {'researchDevelopment': None, 'effectOfAccountingCharges': None, 'incomeBeforeTax': 398000000, 'minorityInterest': None, 'netIncome': 295000000, 'sellingGeneralAdministrative': 1179000000, 'grossProfit': 1716000000, 'ebit': 453000000, 'operatingIncome': 453000000, 'otherOperatingExpenses': None, 'interestExpense': -33000000, 'extraordinaryItems': None, 'nonRecurring': None, 'otherItems': None, 'incomeTaxExpense': 103000000, 'totalRevenue': 1846000000, 'totalOperatingExpenses': 1393000000, 'costOfRevenue': 130000000, 'totalOtherIncomeExpenseNet': -55000000, 'discontinuedOperations': None, 'netIncomeFromContinuingOps': 295000000, 'netIncomeApplicableToCommonShares': 295000000}}], 'SBRY': [{'2022-03-05': {'researchDevelopment': None, 'effectOfAccountingCharges': None, 'incomeBeforeTax': 854000000, 'minorityInterest': None, 'netIncome': 677000000, 'sellingGeneralAdministrative': 1337000000, 'grossProfit': 2357000000, 'ebit': 1058000000, 'operatingIncome': 1058000000, 'otherOperatingExpenses': -38000000, 'interestExpense': -322000000, 'extraordinaryItems': None, 'nonRecurring': None, 'otherItems': None, 'incomeTaxExpense': 177000000, 'totalRevenue': 29895000000, 'totalOperatingExpenses': 28837000000, 'costOfRevenue': 27538000000, 'totalOtherIncomeExpenseNet': -204000000, 'discontinuedOperations': None, 'netIncomeFromContinuingOps': 677000000, 'netIncomeApplicableToCommonShares': 677000000}}, {'2021-03-06': {'researchDevelopment': None, 'effectOfAccountingCharges': None, 'incomeBeforeTax': -164000000, 'minorityInterest': None, 'netIncome': -201000000, 'sellingGeneralAdministrative': 1461000000, 'grossProfit': 2178000000, 'ebit': 729000000, 'operatingIncome': 729000000, 'otherOperatingExpenses': -12000000, 'interestExpense': -352000000, 'extraordinaryItems': None, 'nonRecurring': None, 'otherItems': None, 'incomeTaxExpense': 37000000, 'totalRevenue': 29048000000, 'totalOperatingExpenses': 28319000000, 'costOfRevenue': 26870000000, 'totalOtherIncomeExpenseNet': -893000000, 'discontinuedOperations': None, 'netIncomeFromContinuingOps': -201000000, 'netIncomeApplicableToCommonShares': -208000000}}, {'2020-03-07': {'researchDevelopment': None, 'effectOfAccountingCharges': None, 'incomeBeforeTax': 255000000, 'minorityInterest': None, 'netIncome': 152000000, 'sellingGeneralAdministrative': 1317000000, 'grossProfit': 2294000000, 'ebit': 1014000000, 'operatingIncome': 1014000000, 'otherOperatingExpenses': -37000000, 'interestExpense': -390000000, 'extraordinaryItems': None, 'nonRecurring': None, 'otherItems': None, 'incomeTaxExpense': 103000000, 'totalRevenue': 28993000000, 'totalOperatingExpenses': 27979000000, 'costOfRevenue': 26699000000, 'totalOtherIncomeExpenseNet': -759000000, 'discontinuedOperations': None, 'netIncomeFromContinuingOps': 152000000, 'netIncomeApplicableToCommonShares': 129000000}}, {'2019-03-09': {'researchDevelopment': None, 'effectOfAccountingCharges': None, 'incomeBeforeTax': 202000000, 'minorityInterest': None, 'netIncome': 186000000, 'sellingGeneralAdministrative': 1350000000, 'grossProfit': 2299000000, 'ebit': 1004000000, 'operatingIncome': 1004000000, 'otherOperatingExpenses': -55000000, 'interestExpense': -410000000, 'extraordinaryItems': None, 'nonRecurring': None, 'otherItems': None, 'incomeTaxExpense': 16000000, 'totalRevenue': 29007000000, 'totalOperatingExpenses': 28003000000, 'costOfRevenue': 26708000000, 'totalOtherIncomeExpenseNet': -802000000, 'discontinuedOperations': None, 'netIncomeFromContinuingOps': 186000000, 'netIncomeApplicableToCommonShares': 168000000}}], 'SDR': [{'2021-12-31': {'researchDevelopment': None, 'effectOfAccountingCharges': None, 'incomeBeforeTax': 764100000, 'minorityInterest': 139800000, 'netIncome': 623800000, 'sellingGeneralAdministrative': 1592500000, 'grossProfit': 2561900000, 'ebit': 806600000, 'operatingIncome': 806600000, 'otherOperatingExpenses': None, 'interestExpense': -12800000, 'extraordinaryItems': None, 'nonRecurring': None, 'otherItems': None, 'incomeTaxExpense': 140300000, 'totalRevenue': 3118300000, 'totalOperatingExpenses': 2311700000, 'costOfRevenue': 556400000, 'totalOtherIncomeExpenseNet': -42500000, 'discontinuedOperations': None, 'netIncomeFromContinuingOps': 623800000, 'netIncomeApplicableToCommonShares': 611900000}}, {'2020-12-31': {'researchDevelopment': None, 'effectOfAccountingCharges': None, 'incomeBeforeTax': 610500000, 'minorityInterest': 83100000, 'netIncome': 486000000, 'sellingGeneralAdministrative': 1332400000, 'grossProfit': 2158200000, 'ebit': 657000000, 'operatingIncome': 657000000, 'otherOperatingExpenses': None, 'interestExpense': -12000000, 'extraordinaryItems': None, 'nonRecurring': None, 'otherItems': None, 'incomeTaxExpense': 124500000, 'totalRevenue': 2611300000, 'totalOperatingExpenses': 1954300000, 'costOfRevenue': 453100000, 'totalOtherIncomeExpenseNet': -46500000, 'discontinuedOperations': None, 'netIncomeFromContinuingOps': 486000000, 'netIncomeApplicableToCommonShares': 476300000}}, {'2019-12-31': {'researchDevelopment': None, 'effectOfAccountingCharges': None, 'incomeBeforeTax': 624600000, 'minorityInterest': 66600000, 'netIncome': 495700000, 'sellingGeneralAdministrative': 1302500000, 'grossProfit': 2121500000, 'ebit': 680300000, 'operatingIncome': 680300000, 'otherOperatingExpenses': None, 'interestExpense': -12400000, 'extraordinaryItems': None, 'nonRecurring': None, 'otherItems': None, 'incomeTaxExpense': 128900000, 'totalRevenue': 2606100000, 'totalOperatingExpenses': 1925800000, 'costOfRevenue': 484600000, 'totalOtherIncomeExpenseNet': -55700000, 'discontinuedOperations': None, 'netIncomeFromContinuingOps': 495700000, 'netIncomeApplicableToCommonShares': 494100000}}, {'2018-12-31': {'researchDevelopment': None, 'effectOfAccountingCharges': None, 'incomeBeforeTax': 649900000, 'minorityInterest': 2700000, 'netIncome': 504700000, 'sellingGeneralAdministrative': 1310700000, 'grossProfit': 2123100000, 'ebit': 731600000, 'operatingIncome': 731600000, 'otherOperatingExpenses': None, 'interestExpense': -12400000, 'extraordinaryItems': None, 'nonRecurring': None, 'otherItems': None, 'incomeTaxExpense': 145200000, 'totalRevenue': 2678800000, 'totalOperatingExpenses': 1947200000, 'costOfRevenue': 555700000, 'totalOtherIncomeExpenseNet': -81700000, 'discontinuedOperations': None, 'netIncomeFromContinuingOps': 504700000, 'netIncomeApplicableToCommonShares': 504700000}}], 'SMT': [{'2022-03-31': {'researchDevelopment': None, 'effectOfAccountingCharges': None, 'incomeBeforeTax': -2542438000, 'minorityInterest': None, 'netIncome': -2544349000, 'sellingGeneralAdministrative': 58465000, 'grossProfit': -2397763000, 'ebit': -2456228000, 'operatingIncome': -2456228000, 'otherOperatingExpenses': None, 'interestExpense': -44651000, 'extraordinaryItems': None, 'nonRecurring': None, 'otherItems': None, 'incomeTaxExpense': 1911000, 'totalRevenue': -2397763000, 'totalOperatingExpenses': 58465000, 'costOfRevenue': 0, 'totalOtherIncomeExpenseNet': -86210000, 'discontinuedOperations': None, 'netIncomeFromContinuingOps': -2544349000, 'netIncomeApplicableToCommonShares': -2544349000}}, {'2021-03-31': {'researchDevelopment': None, 'effectOfAccountingCharges': None, 'incomeBeforeTax': 9217095000, 'minorityInterest': None, 'netIncome': 9213660000, 'sellingGeneralAdministrative': 48499000, 'grossProfit': 9281771000, 'ebit': 9233272000, 'operatingIncome': 9233272000, 'otherOperatingExpenses': None, 'interestExpense': -30270000, 'extraordinaryItems': None, 'nonRecurring': None, 'otherItems': None, 'incomeTaxExpense': 3435000, 'totalRevenue': 9281771000, 'totalOperatingExpenses': 48499000, 'costOfRevenue': 0, 'totalOtherIncomeExpenseNet': -16177000, 'discontinuedOperations': None, 'netIncomeFromContinuingOps': 9213660000, 'netIncomeApplicableToCommonShares': 9213660000}}, {'2020-03-31': {'researchDevelopment': None, 'effectOfAccountingCharges': None, 'incomeBeforeTax': 974270000, 'minorityInterest': None, 'netIncome': 973056000, 'sellingGeneralAdministrative': 28757000, 'grossProfit': 1047314000, 'ebit': 1018557000, 'operatingIncome': 1018557000, 'otherOperatingExpenses': None, 'interestExpense': -31338000, 'extraordinaryItems': None, 'nonRecurring': None, 'otherItems': None, 'incomeTaxExpense': 1214000, 'totalRevenue': 1047314000, 'totalOperatingExpenses': 28757000, 'costOfRevenue': 0, 'totalOtherIncomeExpenseNet': -44287000, 'discontinuedOperations': None, 'netIncomeFromContinuingOps': 973056000, 'netIncomeApplicableToCommonShares': 973056000}}, {'2019-03-31': {'researchDevelopment': None, 'effectOfAccountingCharges': None, 'incomeBeforeTax': 883455000, 'minorityInterest': None, 'netIncome': 883279000, 'sellingGeneralAdministrative': 26221000, 'grossProfit': 951722000, 'ebit': 925501000, 'operatingIncome': 925501000, 'otherOperatingExpenses': None, 'interestExpense': -29866000, 'extraordinaryItems': None, 'nonRecurring': None, 'otherItems': None, 'incomeTaxExpense': 176000, 'totalRevenue': 951722000, 'totalOperatingExpenses': 26221000, 'costOfRevenue': 0, 'totalOtherIncomeExpenseNet': -42046000, 'discontinuedOperations': None, 'netIncomeFromContinuingOps': 883279000, 'netIncomeApplicableToCommonShares': 883279000}}], 'SGRO': [{'2021-12-31': {'researchDevelopment': None, 'effectOfAccountingCharges': None, 'incomeBeforeTax': 4355000000, 'minorityInterest': None, 'netIncome': 4060000000, 'sellingGeneralAdministrative': 59000000, 'grossProfit': 406000000, 'ebit': 346000000, 'operatingIncome': 346000000, 'otherOperatingExpenses': 1000000, 'interestExpense': -146000000, 'extraordinaryItems': None, 'nonRecurring': None, 'otherItems': None, 'incomeTaxExpense': 288000000, 'totalRevenue': 546000000, 'totalOperatingExpenses': 200000000, 'costOfRevenue': 140000000, 'totalOtherIncomeExpenseNet': 4009000000, 'discontinuedOperations': None, 'netIncomeFromContinuingOps': 4067000000, 'netIncomeApplicableToCommonShares': 4060000000}}, {'2020-12-31': {'researchDevelopment': None, 'effectOfAccountingCharges': None, 'incomeBeforeTax': 1464000000, 'minorityInterest': 12000000, 'netIncome': 1427000000, 'sellingGeneralAdministrative': 52000000, 'grossProfit': 328000000, 'ebit': 276000000, 'operatingIncome': 276000000, 'otherOperatingExpenses': 1000000, 'interestExpense': -53000000, 'extraordinaryItems': None, 'nonRecurring': None, 'otherItems': None, 'incomeTaxExpense': 35000000, 'totalRevenue': 432000000, 'totalOperatingExpenses': 156000000, 'costOfRevenue': 104000000, 'totalOtherIncomeExpenseNet': 1188000000, 'discontinuedOperations': None, 'netIncomeFromContinuingOps': 1429000000, 'netIncomeApplicableToCommonShares': 1427000000}}, {'2019-12-31': {'researchDevelopment': None, 'effectOfAccountingCharges': None, 'incomeBeforeTax': 902000000, 'minorityInterest': 12000000, 'netIncome': 857900000, 'sellingGeneralAdministrative': 51500000, 'grossProfit': 308600000, 'ebit': 258500000, 'operatingIncome': 258500000, 'otherOperatingExpenses': -1400000, 'interestExpense': -61000000, 'extraordinaryItems': None, 'nonRecurring': None, 'otherItems': None, 'incomeTaxExpense': 41400000, 'totalRevenue': 432500000, 'totalOperatingExpenses': 174000000, 'costOfRevenue': 123900000, 'totalOtherIncomeExpenseNet': 643500000, 'discontinuedOperations': None, 'netIncomeFromContinuingOps': 860600000, 'netIncomeApplicableToCommonShares': 857900000}}, {'2018-12-31': {'researchDevelopment': None, 'effectOfAccountingCharges': None, 'incomeBeforeTax': 1099100000, 'minorityInterest': 12000000, 'netIncome': 1062600000, 'sellingGeneralAdministrative': 43200000, 'grossProfit': 292500000, 'ebit': 249300000, 'operatingIncome': 249300000, 'otherOperatingExpenses': -1400000, 'interestExpense': -98500000, 'extraordinaryItems': None, 'nonRecurring': None, 'otherItems': None, 'incomeTaxExpense': 33000000, 'totalRevenue': 369000000, 'totalOperatingExpenses': 119700000, 'costOfRevenue': 76500000, 'totalOtherIncomeExpenseNet': 849800000, 'discontinuedOperations': None, 'netIncomeFromContinuingOps': 1066100000, 'netIncomeApplicableToCommonShares': 1062600000}}], 'SVT': [{'2022-03-31': {'researchDevelopment': None, 'effectOfAccountingCharges': None, 'incomeBeforeTax': 274100000, 'minorityInterest': None, 'netIncome': -87200000, 'sellingGeneralAdministrative': 6700000, 'grossProfit': 531000000, 'ebit': 499700000, 'operatingIncome': 499700000, 'otherOperatingExpenses': None, 'interestExpense': -262200000, 'extraordinaryItems': None, 'nonRecurring': None, 'otherItems': None, 'incomeTaxExpense': 361300000, 'totalRevenue': 1948600000, 'totalOperatingExpenses': 1448900000, 'costOfRevenue': 1417600000, 'totalOtherIncomeExpenseNet': -225600000, 'discontinuedOperations': None, 'netIncomeFromContinuingOps': -87200000, 'netIncomeApplicableToCommonShares': -87200000}}, {'2021-03-31': {'researchDevelopment': None, 'effectOfAccountingCharges': None, 'incomeBeforeTax': 267200000, 'minorityInterest': None, 'netIncome': 212200000, 'sellingGeneralAdministrative': 5400000, 'grossProfit': 514300000, 'ebit': 468900000, 'operatingIncome': 468900000, 'otherOperatingExpenses': None, 'interestExpense': -181800000, 'extraordinaryItems': None, 'nonRecurring': None, 'otherItems': None, 'incomeTaxExpense': 55000000, 'totalRevenue': 1827200000, 'totalOperatingExpenses': 1358300000, 'costOfRevenue': 1312900000, 'totalOtherIncomeExpenseNet': -201700000, 'discontinuedOperations': None, 'netIncomeFromContinuingOps': 212200000, 'netIncomeApplicableToCommonShares': 212200000}}, {'2020-03-31': {'researchDevelopment': None, 'effectOfAccountingCharges': None, 'incomeBeforeTax': 310700000, 'minorityInterest': None, 'netIncome': 158800000, 'sellingGeneralAdministrative': 11100000, 'grossProfit': 611100000, 'ebit': 557100000, 'operatingIncome': 557100000, 'otherOperatingExpenses': None, 'interestExpense': -176400000, 'extraordinaryItems': None, 'nonRecurring': None, 'otherItems': None, 'incomeTaxExpense': 151900000, 'totalRevenue': 1850400000, 'totalOperatingExpenses': 1293300000, 'costOfRevenue': 1239300000, 'totalOtherIncomeExpenseNet': -246400000, 'discontinuedOperations': None, 'netIncomeFromContinuingOps': 158800000, 'netIncomeApplicableToCommonShares': 158800000}}, {'2019-03-31': {'researchDevelopment': None, 'effectOfAccountingCharges': None, 'incomeBeforeTax': 384700000, 'minorityInterest': None, 'netIncome': 315300000, 'sellingGeneralAdministrative': 13800000, 'grossProfit': 598500000, 'ebit': 559100000, 'operatingIncome': 559100000, 'otherOperatingExpenses': None, 'interestExpense': -178700000, 'extraordinaryItems': None, 'nonRecurring': None, 'otherItems': None, 'incomeTaxExpense': 69400000, 'totalRevenue': 1787300000, 'totalOperatingExpenses': 1228200000, 'costOfRevenue': 1188800000, 'totalOtherIncomeExpenseNet': -174400000, 'discontinuedOperations': None, 'netIncomeFromContinuingOps': 315300000, 'netIncomeApplicableToCommonShares': 315300000}}], 'SHEL': [{'2021-12-31': {'researchDevelopment': 815000000, 'effectOfAccountingCharges': None, 'incomeBeforeTax': 29829000000, 'minorityInterest': 3360000000, 'netIncome': 20101000000, 'sellingGeneralAdministrative': 11328000000, 'grossProfit': 62770000000, 'ebit': 24814000000, 'operatingIncome': 24814000000, 'otherOperatingExpenses': None, 'interestExpense': -3607000000, 'extraordinaryItems': None, 'nonRecurring': None, 'otherItems': None, 'incomeTaxExpense': 9199000000, 'totalRevenue': 261504000000, 'totalOperatingExpenses': 236690000000, 'costOfRevenue': 198734000000, 'totalOtherIncomeExpenseNet': 5015000000, 'discontinuedOperations': None, 'netIncomeFromContinuingOps': 20630000000, 'netIncomeApplicableToCommonShares': 20101000000}}, {'2020-12-31': {'researchDevelopment': 907000000, 'effectOfAccountingCharges': None, 'incomeBeforeTax': -26967000000, 'minorityInterest': 3227000000, 'netIncome': -21680000000, 'sellingGeneralAdministrative': 9881000000, 'grossProfit': 39449000000, 'ebit': -18222000000, 'operatingIncome': -18222000000, 'otherOperatingExpenses': None, 'interestExpense': -4089000000, 'extraordinaryItems': None, 'nonRecurring': None, 'otherItems': None, 'incomeTaxExpense': -5433000000, 'totalRevenue': 180543000000, 'totalOperatingExpenses': 198765000000, 'costOfRevenue': 141094000000, 'totalOtherIncomeExpenseNet': -8745000000, 'discontinuedOperations': None, 'netIncomeFromContinuingOps': -21534000000, 'netIncomeApplicableToCommonShares': -21680000000}}, {'2019-12-31': {'researchDevelopment': 962000000, 'effectOfAccountingCharges': None, 'incomeBeforeTax': 25485000000, 'minorityInterest': 3987000000, 'netIncome': 15842000000, 'sellingGeneralAdministrative': 10493000000, 'grossProfit': 65456000000, 'ebit': 23555000000, 'operatingIncome': 23555000000, 'otherOperatingExpenses': None, 'interestExpense': -4690000000, 'extraordinaryItems': None, 'nonRecurring': None, 'otherItems': None, 'incomeTaxExpense': 9053000000, 'totalRevenue': 344877000000, 'totalOperatingExpenses': 321322000000, 'costOfRevenue': 279421000000, 'totalOtherIncomeExpenseNet': 1930000000, 'discontinuedOperations': None, 'netIncomeFromContinuingOps': 16432000000, 'netIncomeApplicableToCommonShares': 15842000000}}, {'2018-12-31': {'researchDevelopment': 986000000, 'effectOfAccountingCharges': None, 'incomeBeforeTax': 35621000000, 'minorityInterest': 3888000000, 'netIncome': 23352000000, 'sellingGeneralAdministrative': 11360000000, 'grossProfit': 67010000000, 'ebit': 31819000000, 'operatingIncome': 31819000000, 'otherOperatingExpenses': None, 'interestExpense': -3745000000, 'extraordinaryItems': None, 'nonRecurring': None, 'otherItems': None, 'incomeTaxExpense': 11715000000, 'totalRevenue': 388379000000, 'totalOperatingExpenses': 356560000000, 'costOfRevenue': 321369000000, 'totalOtherIncomeExpenseNet': 3802000000, 'discontinuedOperations': None, 'netIncomeFromContinuingOps': 23906000000, 'netIncomeApplicableToCommonShares': 23352000000}}], 'SN.': [{'2021-12-31': {'researchDevelopment': 349000000, 'effectOfAccountingCharges': None, 'incomeBeforeTax': 586000000, 'minorityInterest': None, 'netIncome': 524000000, 'sellingGeneralAdministrative': 2637000000, 'grossProfit': 3698000000, 'ebit': 712000000, 'operatingIncome': 712000000, 'otherOperatingExpenses': None, 'interestExpense': -80000000, 'extraordinaryItems': None, 'nonRecurring': None, 'otherItems': None, 'incomeTaxExpense': 62000000, 'totalRevenue': 5212000000, 'totalOperatingExpenses': 4500000000, 'costOfRevenue': 1514000000, 'totalOtherIncomeExpenseNet': -126000000, 'discontinuedOperations': None, 'netIncomeFromContinuingOps': 524000000, 'netIncomeApplicableToCommonShares': 524000000}}, {'2020-12-31': {'researchDevelopment': 307000000, 'effectOfAccountingCharges': None, 'incomeBeforeTax': 246000000, 'minorityInterest': None, 'netIncome': 448000000, 'sellingGeneralAdministrative': 2439000000, 'grossProfit': 3179000000, 'ebit': 433000000, 'operatingIncome': 433000000, 'otherOperatingExpenses': None, 'interestExpense': -62000000, 'extraordinaryItems': None, 'nonRecurring': None, 'otherItems': None, 'incomeTaxExpense': -202000000, 'totalRevenue': 4560000000, 'totalOperatingExpenses': 4127000000, 'costOfRevenue': 1381000000, 'totalOtherIncomeExpenseNet': -187000000, 'discontinuedOperations': None, 'netIncomeFromContinuingOps': 448000000, 'netIncomeApplicableToCommonShares': 448000000}}, {'2019-12-31': {'researchDevelopment': 292000000, 'effectOfAccountingCharges': None, 'incomeBeforeTax': 743000000, 'minorityInterest': None, 'netIncome': 600000000, 'sellingGeneralAdministrative': 2534000000, 'grossProfit': 3807000000, 'ebit': 981000000, 'operatingIncome': 981000000, 'otherOperatingExpenses': None, 'interestExpense': -65000000, 'extraordinaryItems': None, 'nonRecurring': None, 'otherItems': None, 'incomeTaxExpense': 143000000, 'totalRevenue': 5138000000, 'totalOperatingExpenses': 4157000000, 'costOfRevenue': 1331000000, 'totalOtherIncomeExpenseNet': -238000000, 'discontinuedOperations': None, 'netIncomeFromContinuingOps': 600000000, 'netIncomeApplicableToCommonShares': 600000000}}, {'2018-12-31': {'researchDevelopment': 246000000, 'effectOfAccountingCharges': None, 'incomeBeforeTax': 781000000, 'minorityInterest': None, 'netIncome': 663000000, 'sellingGeneralAdministrative': 2384000000, 'grossProfit': 3606000000, 'ebit': 976000000, 'operatingIncome': 976000000, 'otherOperatingExpenses': None, 'interestExpense': -59000000, 'extraordinaryItems': None, 'nonRecurring': None, 'otherItems': None, 'incomeTaxExpense': 118000000, 'totalRevenue': 4904000000, 'totalOperatingExpenses': 3928000000, 'costOfRevenue': 1298000000, 'totalOtherIncomeExpenseNet': -195000000, 'discontinuedOperations': None, 'netIncomeFromContinuingOps': 663000000, 'netIncomeApplicableToCommonShares': 663000000}}], 'SMDS': [{'2022-04-30': {'researchDevelopment': None, 'effectOfAccountingCharges': None, 'incomeBeforeTax': 378000000, 'minorityInterest': 2000000, 'netIncome': 280000000, 'sellingGeneralAdministrative': 3000000, 'grossProfit': 587000000, 'ebit': 446000000, 'operatingIncome': 446000000, 'otherOperatingExpenses': None, 'interestExpense': -58000000, 'extraordinaryItems': None, 'nonRecurring': None, 'otherItems': None, 'incomeTaxExpense': 98000000, 'totalRevenue': 7241000000, 'totalOperatingExpenses': 6795000000, 'costOfRevenue': 6654000000, 'totalOtherIncomeExpenseNet': -68000000, 'discontinuedOperations': None, 'netIncomeFromContinuingOps': 280000000, 'netIncomeApplicableToCommonShares': 280000000}}, {'2021-04-30': {'researchDevelopment': None, 'effectOfAccountingCharges': None, 'incomeBeforeTax': 231000000, 'minorityInterest': 2000000, 'netIncome': 194000000, 'sellingGeneralAdministrative': 3000000, 'grossProfit': 499300000, 'ebit': 354300000, 'operatingIncome': 354300000, 'otherOperatingExpenses': None, 'interestExpense': -67000000, 'extraordinaryItems': None, 'nonRecurring': None, 'otherItems': None, 'incomeTaxExpense': 49000000, 'totalRevenue': 5976000000, 'totalOperatingExpenses': 5621700000, 'costOfRevenue': 5476700000, 'totalOtherIncomeExpenseNet': -123300000, 'discontinuedOperations': 12000000, 'netIncomeFromContinuingOps': 182000000, 'netIncomeApplicableToCommonShares': 194000000}}, {'2020-04-30': {'researchDevelopment': None, 'effectOfAccountingCharges': None, 'incomeBeforeTax': 368000000, 'minorityInterest': 1000000, 'netIncome': 527000000, 'sellingGeneralAdministrative': 3000000, 'grossProfit': 660000000, 'ebit': 514000000, 'operatingIncome': 514000000, 'otherOperatingExpenses': None, 'interestExpense': -74000000, 'extraordinaryItems': None, 'nonRecurring': None, 'otherItems': None, 'incomeTaxExpense': 78000000, 'totalRevenue': 6043000000, 'totalOperatingExpenses': 5529000000, 'costOfRevenue': 5383000000, 'totalOtherIncomeExpenseNet': -146000000, 'discontinuedOperations': 237000000, 'netIncomeFromContinuingOps': 290000000, 'netIncomeApplicableToCommonShares': 527000000}}, {'2019-04-30': {'researchDevelopment': None, 'effectOfAccountingCharges': None, 'incomeBeforeTax': 350000000, 'minorityInterest': 1000000, 'netIncome': 274000000, 'sellingGeneralAdministrative': 2000000, 'grossProfit': 631000000, 'ebit': 515000000, 'operatingIncome': 515000000, 'otherOperatingExpenses': None, 'interestExpense': -62000000, 'extraordinaryItems': None, 'nonRecurring': None, 'otherItems': None, 'incomeTaxExpense': 88000000, 'totalRevenue': 6171000000, 'totalOperatingExpenses': 5656000000, 'costOfRevenue': 5540000000, 'totalOtherIncomeExpenseNet': -165000000, 'discontinuedOperations': 12000000, 'netIncomeFromContinuingOps': 262000000, 'netIncomeApplicableToCommonShares': 274000000}}], 'SMIN': [{'2021-07-31': {'researchDevelopment': None, 'effectOfAccountingCharges': None, 'incomeBeforeTax': 240000000, 'minorityInterest': 21000000, 'netIncome': 284000000, 'sellingGeneralAdministrative': 574000000, 'grossProfit': 915000000, 'ebit': 341000000, 'operatingIncome': 341000000, 'otherOperatingExpenses': None, 'interestExpense': -49000000, 'extraordinaryItems': None, 'nonRecurring': None, 'otherItems': None, 'incomeTaxExpense': 83000000, 'totalRevenue': 2406000000, 'totalOperatingExpenses': 2065000000, 'costOfRevenue': 1491000000, 'totalOtherIncomeExpenseNet': -101000000, 'discontinuedOperations': 128000000, 'netIncomeFromContinuingOps': 157000000, 'netIncomeApplicableToCommonShares': 284000000}}, {'2020-07-31': {'researchDevelopment': None, 'effectOfAccountingCharges': None, 'incomeBeforeTax': 133000000, 'minorityInterest': 21000000, 'netIncome': 265000000, 'sellingGeneralAdministrative': 702000000, 'grossProfit': 950000000, 'ebit': 248000000, 'operatingIncome': 248000000, 'otherOperatingExpenses': None, 'interestExpense': -55000000, 'extraordinaryItems': None, 'nonRecurring': None, 'otherItems': None, 'incomeTaxExpense': 66000000, 'totalRevenue': 2548000000, 'totalOperatingExpenses': 2300000000, 'costOfRevenue': 1598000000, 'totalOtherIncomeExpenseNet': -115000000, 'discontinuedOperations': 200000000, 'netIncomeFromContinuingOps': 67000000, 'netIncomeApplicableToCommonShares': 265000000}}, {'2019-07-31': {'researchDevelopment': None, 'effectOfAccountingCharges': None, 'incomeBeforeTax': 304000000, 'minorityInterest': 21000000, 'netIncome': 225000000, 'sellingGeneralAdministrative': 673000000, 'grossProfit': 1069000000, 'ebit': 396000000, 'operatingIncome': 396000000, 'otherOperatingExpenses': 8000000, 'interestExpense': -62000000, 'extraordinaryItems': None, 'nonRecurring': None, 'otherItems': None, 'incomeTaxExpense': 162000000, 'totalRevenue': 2498000000, 'totalOperatingExpenses': 2102000000, 'costOfRevenue': 1429000000, 'totalOtherIncomeExpenseNet': -92000000, 'discontinuedOperations': 85000000, 'netIncomeFromContinuingOps': 142000000, 'netIncomeApplicableToCommonShares': 225000000}}, {'2018-07-31': {'researchDevelopment': None, 'effectOfAccountingCharges': None, 'incomeBeforeTax': 287000000, 'minorityInterest': 16000000, 'netIncome': 277000000, 'sellingGeneralAdministrative': 632000000, 'grossProfit': 1001000000, 'ebit': 369000000, 'operatingIncome': 369000000, 'otherOperatingExpenses': 8000000, 'interestExpense': -65000000, 'extraordinaryItems': None, 'nonRecurring': None, 'otherItems': None, 'incomeTaxExpense': 168000000, 'totalRevenue': 2328000000, 'totalOperatingExpenses': 1959000000, 'costOfRevenue': 1327000000, 'totalOtherIncomeExpenseNet': -82000000, 'discontinuedOperations': 160000000, 'netIncomeFromContinuingOps': 119000000, 'netIncomeApplicableToCommonShares': 277000000}}], 'SKG': [{'2021-12-31': {'researchDevelopment': None, 'effectOfAccountingCharges': None, 'incomeBeforeTax': 913000000, 'minorityInterest': 13000000, 'netIncome': 679000000, 'sellingGeneralAdministrative': 2025000000, 'grossProfit': 3092000000, 'ebit': 1067000000, 'operatingIncome': 1067000000, 'otherOperatingExpenses': None, 'interestExpense': -121000000, 'extraordinaryItems': None, 'nonRecurring': None, 'otherItems': None, 'incomeTaxExpense': 234000000, 'totalRevenue': 10107000000, 'totalOperatingExpenses': 9040000000, 'costOfRevenue': 7015000000, 'totalOtherIncomeExpenseNet': -154000000, 'discontinuedOperations': None, 'netIncomeFromContinuingOps': 679000000, 'netIncomeApplicableToCommonShares': 679000000}}, {'2020-12-31': {'researchDevelopment': None, 'effectOfAccountingCharges': None, 'incomeBeforeTax': 748000000, 'minorityInterest': 13000000, 'netIncome': 545000000, 'sellingGeneralAdministrative': 1964000000, 'grossProfit': 2874000000, 'ebit': 910000000, 'operatingIncome': 910000000, 'otherOperatingExpenses': None, 'interestExpense': -128000000, 'extraordinaryItems': None, 'nonRecurring': None, 'otherItems': None, 'incomeTaxExpense': 201000000, 'totalRevenue': 8530000000, 'totalOperatingExpenses': 7620000000, 'costOfRevenue': 5656000000, 'totalOtherIncomeExpenseNet': -162000000, 'discontinuedOperations': None, 'netIncomeFromContinuingOps': 547000000, 'netIncomeApplicableToCommonShares': 545000000}}, {'2019-12-31': {'researchDevelopment': None, 'effectOfAccountingCharges': None, 'incomeBeforeTax': 677000000, 'minorityInterest': 41000000, 'netIncome': 476000000, 'sellingGeneralAdministrative': 1960000000, 'grossProfit': 3005000000, 'ebit': 1045000000, 'operatingIncome': 1045000000, 'otherOperatingExpenses': None, 'interestExpense': -170000000, 'extraordinaryItems': None, 'nonRecurring': None, 'otherItems': None, 'incomeTaxExpense': 193000000, 'totalRevenue': 9048000000, 'totalOperatingExpenses': 8003000000, 'costOfRevenue': 6043000000, 'totalOtherIncomeExpenseNet': -368000000, 'discontinuedOperations': None, 'netIncomeFromContinuingOps': 484000000, 'netIncomeApplicableToCommonShares': 476000000}}, {'2018-12-31': {'researchDevelopment': None, 'effectOfAccountingCharges': None, 'incomeBeforeTax': -404000000, 'minorityInterest': 131000000, 'netIncome': -646000000, 'sellingGeneralAdministrative': 1870000000, 'grossProfit': 2957000000, 'ebit': 1087000000, 'operatingIncome': 1087000000, 'otherOperatingExpenses': None, 'interestExpense': -163000000, 'extraordinaryItems': None, 'nonRecurring': None, 'otherItems': None, 'incomeTaxExpense': 235000000, 'totalRevenue': 8946000000, 'totalOperatingExpenses': 7859000000, 'costOfRevenue': 5989000000, 'totalOtherIncomeExpenseNet': -1491000000, 'discontinuedOperations': None, 'netIncomeFromContinuingOps': -639000000, 'netIncomeApplicableToCommonShares': -646000000}}], 'SPX': [{'2021-12-31': {'researchDevelopment': None, 'effectOfAccountingCharges': None, 'incomeBeforeTax': 314500000, 'minorityInterest': 1000000, 'netIncome': 234600000, 'sellingGeneralAdministrative': 479800000, 'grossProfit': 1039800000, 'ebit': 317600000, 'operatingIncome': 317600000, 'otherOperatingExpenses': 173400000, 'interestExpense': -8500000, 'extraordinaryItems': None, 'nonRecurring': None, 'otherItems': None, 'incomeTaxExpense': 79600000, 'totalRevenue': 1344500000, 'totalOperatingExpenses': 1026900000, 'costOfRevenue': 304700000, 'totalOtherIncomeExpenseNet': -3100000, 'discontinuedOperations': None, 'netIncomeFromContinuingOps': 234900000, 'netIncomeApplicableToCommonShares': 234600000}}, {'2020-12-31': {'researchDevelopment': None, 'effectOfAccountingCharges': None, 'incomeBeforeTax': 240100000, 'minorityInterest': 1000000, 'netIncome': 173600000, 'sellingGeneralAdministrative': 432300000, 'grossProfit': 904700000, 'ebit': 242300000, 'operatingIncome': 242300000, 'otherOperatingExpenses': 154700000, 'interestExpense': -8600000, 'extraordinaryItems': None, 'nonRecurring': None, 'otherItems': None, 'incomeTaxExpense': 66200000, 'totalRevenue': 1193400000, 'totalOperatingExpenses': 951100000, 'costOfRevenue': 288700000, 'totalOtherIncomeExpenseNet': -2200000, 'discontinuedOperations': None, 'netIncomeFromContinuingOps': 173900000, 'netIncomeApplicableToCommonShares': 173600000}}, {'2019-12-31': {'researchDevelopment': None, 'effectOfAccountingCharges': None, 'incomeBeforeTax': 236800000, 'minorityInterest': 1000000, 'netIncome': 166600000, 'sellingGeneralAdministrative': 434700000, 'grossProfit': 938700000, 'ebit': 253700000, 'operatingIncome': 253700000, 'otherOperatingExpenses': 177900000, 'interestExpense': -7700000, 'extraordinaryItems': None, 'nonRecurring': None, 'otherItems': None, 'incomeTaxExpense': 69800000, 'totalRevenue': 1242400000, 'totalOperatingExpenses': 988700000, 'costOfRevenue': 303700000, 'totalOtherIncomeExpenseNet': -16900000, 'discontinuedOperations': None, 'netIncomeFromContinuingOps': 167000000, 'netIncomeApplicableToCommonShares': 166600000}}, {'2018-12-31': {'researchDevelopment': None, 'effectOfAccountingCharges': None, 'incomeBeforeTax': 288800000, 'minorityInterest': 1100000, 'netIncome': 223100000, 'sellingGeneralAdministrative': 400200000, 'grossProfit': 869600000, 'ebit': 296900000, 'operatingIncome': 296900000, 'otherOperatingExpenses': 114400000, 'interestExpense': -9400000, 'extraordinaryItems': None, 'nonRecurring': None, 'otherItems': None, 'incomeTaxExpense': 65400000, 'totalRevenue': 1153300000, 'totalOperatingExpenses': 856400000, 'costOfRevenue': 283700000, 'totalOtherIncomeExpenseNet': -8100000, 'discontinuedOperations': None, 'netIncomeFromContinuingOps': 223400000, 'netIncomeApplicableToCommonShares': 223100000}}], 'SSE': [{'2022-03-31': {'researchDevelopment': None, 'effectOfAccountingCharges': None, 'incomeBeforeTax': 3482200000, 'minorityInterest': None, 'netIncome': 3031400000, 'sellingGeneralAdministrative': 1136000000, 'grossProfit': 4395200000, 'ebit': 3330600000, 'operatingIncome': 3330600000, 'otherOperatingExpenses': -71400000, 'interestExpense': -361800000, 'extraordinaryItems': None, 'nonRecurring': None, 'otherItems': None, 'incomeTaxExpense': 882800000, 'totalRevenue': 8608200000, 'totalOperatingExpenses': 5277600000, 'costOfRevenue': 4213000000, 'totalOtherIncomeExpenseNet': 151600000, 'discontinuedOperations': 482700000, 'netIncomeFromContinuingOps': 2599400000, 'netIncomeApplicableToCommonShares': 3031400000}}, {'2021-03-31': {'researchDevelopment': None, 'effectOfAccountingCharges': None, 'incomeBeforeTax': 2418000000, 'minorityInterest': None, 'netIncome': 2276200000, 'sellingGeneralAdministrative': 1191500000, 'grossProfit': 2692300000, 'ebit': 1769500000, 'operatingIncome': 1769500000, 'otherOperatingExpenses': -268700000, 'interestExpense': -372100000, 'extraordinaryItems': None, 'nonRecurring': None, 'otherItems': None, 'incomeTaxExpense': 224300000, 'totalRevenue': 6826400000, 'totalOperatingExpenses': 5056900000, 'costOfRevenue': 4134100000, 'totalOtherIncomeExpenseNet': 648500000, 'discontinuedOperations': 129100000, 'netIncomeFromContinuingOps': 2193700000, 'netIncomeApplicableToCommonShares': 2276200000}}, {'2020-03-31': {'researchDevelopment': None, 'effectOfAccountingCharges': None, 'incomeBeforeTax': 587600000, 'minorityInterest': None, 'netIncome': -59000000, 'sellingGeneralAdministrative': 1012500000, 'grossProfit': 2016300000, 'ebit': 1028200000, 'operatingIncome': 1028200000, 'otherOperatingExpenses': -24400000, 'interestExpense': -374400000, 'extraordinaryItems': None, 'nonRecurring': None, 'otherItems': None, 'incomeTaxExpense': 121500000, 'totalRevenue': 6800600000, 'totalOperatingExpenses': 5772400000, 'costOfRevenue': 4784300000, 'totalOtherIncomeExpenseNet': -440600000, 'discontinuedOperations': -478600000, 'netIncomeFromContinuingOps': 466100000, 'netIncomeApplicableToCommonShares': -59000000}}, {'2019-03-31': {'researchDevelopment': None, 'effectOfAccountingCharges': None, 'incomeBeforeTax': 1300300000, 'minorityInterest': None, 'netIncome': 1455700000, 'sellingGeneralAdministrative': 949000000, 'grossProfit': 1390800000, 'ebit': 482800000, 'operatingIncome': 482800000, 'otherOperatingExpenses': -41000000, 'interestExpense': -355500000, 'extraordinaryItems': None, 'nonRecurring': None, 'otherItems': None, 'incomeTaxExpense': -9900000, 'totalRevenue': 7301500000, 'totalOperatingExpenses': 6818700000, 'costOfRevenue': 5910700000, 'totalOtherIncomeExpenseNet': 817500000, 'discontinuedOperations': 145500000, 'netIncomeFromContinuingOps': 1310200000, 'netIncomeApplicableToCommonShares': 1409100000}}], 'STJ': [{'2021-12-31': {'researchDevelopment': None, 'effectOfAccountingCharges': None, 'incomeBeforeTax': 842400000, 'minorityInterest': None, 'netIncome': 286700000, 'sellingGeneralAdministrative': 1919500000, 'grossProfit': 2773700000, 'ebit': 854200000, 'operatingIncome': 854200000, 'otherOperatingExpenses': None, 'interestExpense': None, 'extraordinaryItems': None, 'nonRecurring': None, 'otherItems': None, 'incomeTaxExpense': 554800000, 'totalRevenue': 18025900000, 'totalOperatingExpenses': 17171700000, 'costOfRevenue': 15252200000, 'totalOtherIncomeExpenseNet': -11800000, 'discontinuedOperations': None, 'netIncomeFromContinuingOps': 287600000, 'netIncomeApplicableToCommonShares': 286700000}}, {'2020-12-31': {'researchDevelopment': None, 'effectOfAccountingCharges': None, 'incomeBeforeTax': 426400000, 'minorityInterest': -900000, 'netIncome': 262000000, 'sellingGeneralAdministrative': 1688000000, 'grossProfit': 2114400000, 'ebit': 426400000, 'operatingIncome': 426400000, 'otherOperatingExpenses': None, 'interestExpense': None, 'extraordinaryItems': None, 'nonRecurring': None, 'otherItems': None, 'incomeTaxExpense': 164400000, 'totalRevenue': 8061000000, 'totalOperatingExpenses': 7634600000, 'costOfRevenue': 5946600000, 'totalOtherIncomeExpenseNet': 0, 'discontinuedOperations': None, 'netIncomeFromContinuingOps': 262000000, 'netIncomeApplicableToCommonShares': 262000000}}, {'2019-12-31': {'researchDevelopment': None, 'effectOfAccountingCharges': None, 'incomeBeforeTax': 708900000, 'minorityInterest': -900000, 'netIncome': 146600000, 'sellingGeneralAdministrative': 1707800000, 'grossProfit': 2416700000, 'ebit': 708900000, 'operatingIncome': 708900000, 'otherOperatingExpenses': None, 'interestExpense': None, 'extraordinaryItems': None, 'nonRecurring': None, 'otherItems': None, 'incomeTaxExpense': 562300000, 'totalRevenue': 16563500000, 'totalOperatingExpenses': 15854600000, 'costOfRevenue': 14146800000, 'totalOtherIncomeExpenseNet': 0, 'discontinuedOperations': None, 'netIncomeFromContinuingOps': 146600000, 'netIncomeApplicableToCommonShares': 146600000}}, {'2018-12-31': {'researchDevelopment': None, 'effectOfAccountingCharges': None, 'incomeBeforeTax': -84600000, 'minorityInterest': -900000, 'netIncome': 173500000, 'sellingGeneralAdministrative': 1641500000, 'grossProfit': 1556900000, 'ebit': -84600000, 'operatingIncome': -84600000, 'otherOperatingExpenses': None, 'interestExpense': None, 'extraordinaryItems': None, 'nonRecurring': None, 'otherItems': None, 'incomeTaxExpense': -258100000, 'totalRevenue': -2694400000, 'totalOperatingExpenses': -2609800000, 'costOfRevenue': -4251300000, 'totalOtherIncomeExpenseNet': 0, 'discontinuedOperations': None, 'netIncomeFromContinuingOps': 173500000, 'netIncomeApplicableToCommonShares': 173500000}}], 'STAN': [{'2021-12-31': {'researchDevelopment': None, 'effectOfAccountingCharges': None, 'incomeBeforeTax': 3347000000, 'minorityInterest': 371000000, 'netIncome': 2315000000, 'sellingGeneralAdministrative': 10596000000, 'grossProfit': 14138000000, 'ebit': 0, 'operatingIncome': 3542000000, 'otherOperatingExpenses': None, 'interestExpense': None, 'extraordinaryItems': None, 'nonRecurring': None, 'otherItems': None, 'incomeTaxExpense': 1034000000, 'totalRevenue': 14138000000, 'totalOperatingExpenses': 10596000000, 'costOfRevenue': 0, 'totalOtherIncomeExpenseNet': -195000000, 'discontinuedOperations': None, 'netIncomeFromContinuingOps': 2313000000, 'netIncomeApplicableToCommonShares': 1905000000}}, {'2020-12-31': {'researchDevelopment': None, 'effectOfAccountingCharges': None, 'incomeBeforeTax': 1613000000, 'minorityInterest': 325000000, 'netIncome': 724000000, 'sellingGeneralAdministrative': 10201000000, 'grossProfit': 12460000000, 'ebit': 0, 'operatingIncome': 2259000000, 'otherOperatingExpenses': None, 'interestExpense': None, 'extraordinaryItems': None, 'nonRecurring': None, 'otherItems': None, 'incomeTaxExpense': 862000000, 'totalRevenue': 12460000000, 'totalOperatingExpenses': 10201000000, 'costOfRevenue': 0, 'totalOtherIncomeExpenseNet': -646000000, 'discontinuedOperations': None, 'netIncomeFromContinuingOps': 751000000, 'netIncomeApplicableToCommonShares': 329000000}}, {'2019-12-31': {'researchDevelopment': None, 'effectOfAccountingCharges': None, 'incomeBeforeTax': 3713000000, 'minorityInterest': 313000000, 'netIncome': 2303000000, 'sellingGeneralAdministrative': 10760000000, 'grossProfit': 14511000000, 'ebit': 0, 'operatingIncome': 3749000000, 'otherOperatingExpenses': 2000000, 'interestExpense': None, 'extraordinaryItems': None, 'nonRecurring': None, 'otherItems': None, 'incomeTaxExpense': 1373000000, 'totalRevenue': 14511000000, 'totalOperatingExpenses': 10762000000, 'costOfRevenue': 0, 'totalOtherIncomeExpenseNet': -36000000, 'discontinuedOperations': None, 'netIncomeFromContinuingOps': 2340000000, 'netIncomeApplicableToCommonShares': 1855000000}}, {'2018-12-31': {'researchDevelopment': None, 'effectOfAccountingCharges': None, 'incomeBeforeTax': 2548000000, 'minorityInterest': 273000000, 'netIncome': 1054000000, 'sellingGeneralAdministrative': 11494000000, 'grossProfit': 13980000000, 'ebit': 0, 'operatingIncome': 2486000000, 'otherOperatingExpenses': 2000000, 'interestExpense': None, 'extraordinaryItems': None, 'nonRecurring': None, 'otherItems': None, 'incomeTaxExpense': 1439000000, 'totalRevenue': 13980000000, 'totalOperatingExpenses': 11494000000, 'costOfRevenue': 0, 'totalOtherIncomeExpenseNet': 62000000, 'discontinuedOperations': None, 'netIncomeFromContinuingOps': 1109000000, 'netIncomeApplicableToCommonShares': 618000000}}], 'TW.': [{'2021-12-31': {'researchDevelopment': None, 'effectOfAccountingCharges': None, 'incomeBeforeTax': 679600000, 'minorityInterest': None, 'netIncome': 555500000, 'sellingGeneralAdministrative': 212000000, 'grossProfit': 1027000000, 'ebit': 822200000, 'operatingIncome': 822200000, 'otherOperatingExpenses': -7200000, 'interestExpense': -5400000, 'extraordinaryItems': None, 'nonRecurring': None, 'otherItems': None, 'incomeTaxExpense': 124100000, 'totalRevenue': 4284900000, 'totalOperatingExpenses': 3462700000, 'costOfRevenue': 3257900000, 'totalOtherIncomeExpenseNet': -142600000, 'discontinuedOperations': None, 'netIncomeFromContinuingOps': 555500000, 'netIncomeApplicableToCommonShares': 555500000}}, {'2020-12-31': {'researchDevelopment': None, 'effectOfAccountingCharges': None, 'incomeBeforeTax': 264400000, 'minorityInterest': None, 'netIncome': 217000000, 'sellingGeneralAdministrative': 205800000, 'grossProfit': 557000000, 'ebit': 353700000, 'operatingIncome': 353700000, 'otherOperatingExpenses': -2500000, 'interestExpense': -8700000, 'extraordinaryItems': None, 'nonRecurring': None, 'otherItems': None, 'incomeTaxExpense': 47400000, 'totalRevenue': 2790200000, 'totalOperatingExpenses': 2436500000, 'costOfRevenue': 2233200000, 'totalOtherIncomeExpenseNet': -89300000, 'discontinuedOperations': None, 'netIncomeFromContinuingOps': 217000000, 'netIncomeApplicableToCommonShares': 217000000}}, {'2019-12-31': {'researchDevelopment': None, 'effectOfAccountingCharges': None, 'incomeBeforeTax': 835900000, 'minorityInterest': None, 'netIncome': 673900000, 'sellingGeneralAdministrative': 214900000, 'grossProfit': 1044100000, 'ebit': 839300000, 'operatingIncome': 839300000, 'otherOperatingExpenses': -10100000, 'interestExpense': -6000000, 'extraordinaryItems': None, 'nonRecurring': None, 'otherItems': None, 'incomeTaxExpense': 162000000, 'totalRevenue': 4341300000, 'totalOperatingExpenses': 3502000000, 'costOfRevenue': 3297200000, 'totalOtherIncomeExpenseNet': -3400000, 'discontinuedOperations': None, 'netIncomeFromContinuingOps': 673900000, 'netIncomeApplicableToCommonShares': 673900000}}, {'2018-12-31': {'researchDevelopment': None, 'effectOfAccountingCharges': None, 'incomeBeforeTax': 810700000, 'minorityInterest': None, 'netIncome': 656600000, 'sellingGeneralAdministrative': 214000000, 'grossProfit': 1074500000, 'ebit': 873800000, 'operatingIncome': 873800000, 'otherOperatingExpenses': -13300000, 'interestExpense': -5700000, 'extraordinaryItems': None, 'nonRecurring': None, 'otherItems': None, 'incomeTaxExpense': 154100000, 'totalRevenue': 4082000000, 'totalOperatingExpenses': 3208200000, 'costOfRevenue': 3007500000, 'totalOtherIncomeExpenseNet': -63100000, 'discontinuedOperations': None, 'netIncomeFromContinuingOps': 656600000, 'netIncomeApplicableToCommonShares': 656600000}}], 'TSCO': [{'2022-02-26': {'researchDevelopment': None, 'effectOfAccountingCharges': None, 'incomeBeforeTax': 2033000000, 'minorityInterest': -16000000, 'netIncome': 1481000000, 'sellingGeneralAdministrative': 1378000000, 'grossProfit': 4235000000, 'ebit': 2677000000, 'operatingIncome': 2677000000, 'otherOperatingExpenses': -39000000, 'interestExpense': -685000000, 'extraordinaryItems': None, 'nonRecurring': None, 'otherItems': None, 'incomeTaxExpense': 510000000, 'totalRevenue': 61344000000, 'totalOperatingExpenses': 58667000000, 'costOfRevenue': 57109000000, 'totalOtherIncomeExpenseNet': -644000000, 'discontinuedOperations': -40000000, 'netIncomeFromContinuingOps': 1523000000, 'netIncomeApplicableToCommonShares': 1481000000}}, {'2021-02-27': {'researchDevelopment': None, 'effectOfAccountingCharges': None, 'incomeBeforeTax': 636000000, 'minorityInterest': -18000000, 'netIncome': 5954000000, 'sellingGeneralAdministrative': 1430000000, 'grossProfit': 3603000000, 'ebit': 1789000000, 'operatingIncome': 1789000000, 'otherOperatingExpenses': 384000000, 'interestExpense': -701000000, 'extraordinaryItems': None, 'nonRecurring': None, 'otherItems': None, 'incomeTaxExpense': 104000000, 'totalRevenue': 57887000000, 'totalOperatingExpenses': 56098000000, 'costOfRevenue': 54284000000, 'totalOtherIncomeExpenseNet': -1153000000, 'discontinuedOperations': 5426000000, 'netIncomeFromContinuingOps': 532000000, 'netIncomeApplicableToCommonShares': 5954000000}}, {'2020-02-29': {'researchDevelopment': None, 'effectOfAccountingCharges': None, 'incomeBeforeTax': 1028000000, 'minorityInterest': -22000000, 'netIncome': 971000000, 'sellingGeneralAdministrative': 1212000000, 'grossProfit': 3839000000, 'ebit': 2627000000, 'operatingIncome': 2627000000, 'otherOperatingExpenses': 384000000, 'interestExpense': -722000000, 'extraordinaryItems': None, 'nonRecurring': None, 'otherItems': None, 'incomeTaxExpense': 290000000, 'totalRevenue': 58091000000, 'totalOperatingExpenses': 55464000000, 'costOfRevenue': 54252000000, 'totalOtherIncomeExpenseNet': -1599000000, 'discontinuedOperations': 235000000, 'netIncomeFromContinuingOps': 738000000, 'netIncomeApplicableToCommonShares': 971000000}}, {'2019-02-23': {'researchDevelopment': None, 'effectOfAccountingCharges': None, 'incomeBeforeTax': 1617000000, 'minorityInterest': -24000000, 'netIncome': 1272000000, 'sellingGeneralAdministrative': 1433000000, 'grossProfit': 3977000000, 'ebit': 2544000000, 'operatingIncome': 2544000000, 'otherOperatingExpenses': 384000000, 'interestExpense': -847000000, 'extraordinaryItems': None, 'nonRecurring': None, 'otherItems': None, 'incomeTaxExpense': 347000000, 'totalRevenue': 63911000000, 'totalOperatingExpenses': 61367000000, 'costOfRevenue': 59934000000, 'totalOtherIncomeExpenseNet': -927000000, 'discontinuedOperations': 235000000, 'netIncomeFromContinuingOps': 1270000000, 'netIncomeApplicableToCommonShares': 1272000000}}], 'ULVR': [{'2021-12-31': {'researchDevelopment': 847000000, 'effectOfAccountingCharges': None, 'incomeBeforeTax': 8556000000, 'minorityInterest': 2639000000, 'netIncome': 6049000000, 'sellingGeneralAdministrative': 11712000000, 'grossProfit': 22185000000, 'ebit': 9637000000, 'operatingIncome': 9637000000, 'otherOperatingExpenses': -11000000, 'interestExpense': -489000000, 'extraordinaryItems': None, 'nonRecurring': None, 'otherItems': None, 'incomeTaxExpense': 1935000000, 'totalRevenue': 52444000000, 'totalOperatingExpenses': 42807000000, 'costOfRevenue': 30259000000, 'totalOtherIncomeExpenseNet': -1081000000, 'discontinuedOperations': None, 'netIncomeFromContinuingOps': 6621000000, 'netIncomeApplicableToCommonShares': 6049000000}}, {'2020-12-31': {'researchDevelopment': 800000000, 'effectOfAccountingCharges': None, 'incomeBeforeTax': 7996000000, 'minorityInterest': 2389000000, 'netIncome': 5581000000, 'sellingGeneralAdministrative': 11882000000, 'grossProfit': 22040000000, 'ebit': 9358000000, 'operatingIncome': 9358000000, 'otherOperatingExpenses': -11000000, 'interestExpense': -682000000, 'extraordinaryItems': None, 'nonRecurring': None, 'otherItems': None, 'incomeTaxExpense': 1923000000, 'totalRevenue': 50724000000, 'totalOperatingExpenses': 41366000000, 'costOfRevenue': 28684000000, 'totalOtherIncomeExpenseNet': -1362000000, 'discontinuedOperations': None, 'netIncomeFromContinuingOps': 6073000000, 'netIncomeApplicableToCommonShares': 5581000000}}, {'2019-12-31': {'researchDevelopment': 840000000, 'effectOfAccountingCharges': None, 'incomeBeforeTax': 8289000000, 'minorityInterest': 694000000, 'netIncome': 5625000000, 'sellingGeneralAdministrative': 12121000000, 'grossProfit': 22878000000, 'ebit': 9917000000, 'operatingIncome': 9917000000, 'otherOperatingExpenses': -11000000, 'interestExpense': -763000000, 'extraordinaryItems': None, 'nonRecurring': None, 'otherItems': None, 'incomeTaxExpense': 2263000000, 'totalRevenue': 51980000000, 'totalOperatingExpenses': 42063000000, 'costOfRevenue': 29102000000, 'totalOtherIncomeExpenseNet': -1628000000, 'discontinuedOperations': None, 'netIncomeFromContinuingOps': 6026000000, 'netIncomeApplicableToCommonShares': 5625000000}}, {'2018-12-31': {'researchDevelopment': 900000000, 'effectOfAccountingCharges': None, 'incomeBeforeTax': 12360000000, 'minorityInterest': 720000000, 'netIncome': 9369000000, 'sellingGeneralAdministrative': 11941000000, 'grossProfit': 22279000000, 'ebit': 9329000000, 'operatingIncome': 9329000000, 'otherOperatingExpenses': 109000000, 'interestExpense': -731000000, 'extraordinaryItems': None, 'nonRecurring': None, 'otherItems': None, 'incomeTaxExpense': 2572000000, 'totalRevenue': 50982000000, 'totalOperatingExpenses': 41653000000, 'costOfRevenue': 28703000000, 'totalOtherIncomeExpenseNet': 3031000000, 'discontinuedOperations': None, 'netIncomeFromContinuingOps': 9788000000, 'netIncomeApplicableToCommonShares': 9369000000}}], 'UTG': [{'2021-12-31': {'researchDevelopment': None, 'effectOfAccountingCharges': None, 'incomeBeforeTax': 343100000, 'minorityInterest': 26600000, 'netIncome': 342400000, 'sellingGeneralAdministrative': 36300000, 'grossProfit': 236500000, 'ebit': 196900000, 'operatingIncome': 196900000, 'otherOperatingExpenses': None, 'interestExpense': -36100000, 'extraordinaryItems': None, 'nonRecurring': None, 'otherItems': None, 'incomeTaxExpense': -1400000, 'totalRevenue': 300900000, 'totalOperatingExpenses': 104000000, 'costOfRevenue': 64400000, 'totalOtherIncomeExpenseNet': 146200000, 'discontinuedOperations': None, 'netIncomeFromContinuingOps': 344500000, 'netIncomeApplicableToCommonShares': 342400000}}, {'2020-12-31': {'researchDevelopment': None, 'effectOfAccountingCharges': None, 'incomeBeforeTax': -120100000, 'minorityInterest': 25100000, 'netIncome': -121000000, 'sellingGeneralAdministrative': 34700000, 'grossProfit': 192200000, 'ebit': 148900000, 'operatingIncome': 148900000, 'otherOperatingExpenses': None, 'interestExpense': -60800000, 'extraordinaryItems': None, 'nonRecurring': None, 'otherItems': None, 'incomeTaxExpense': 2100000, 'totalRevenue': 245500000, 'totalOperatingExpenses': 96600000, 'costOfRevenue': 53300000, 'totalOtherIncomeExpenseNet': -269000000, 'discontinuedOperations': None, 'netIncomeFromContinuingOps': -122200000, 'netIncomeApplicableToCommonShares': -121000000}}, {'2019-12-31': {'researchDevelopment': None, 'effectOfAccountingCharges': None, 'incomeBeforeTax': -101200000, 'minorityInterest': 26500000, 'netIncome': -89200000, 'sellingGeneralAdministrative': 26600000, 'grossProfit': 168000000, 'ebit': 140500000, 'operatingIncome': 140500000, 'otherOperatingExpenses': None, 'interestExpense': -35700000, 'extraordinaryItems': None, 'nonRecurring': None, 'otherItems': None, 'incomeTaxExpense': -13600000, 'totalRevenue': 200100000, 'totalOperatingExpenses': 59600000, 'costOfRevenue': 32100000, 'totalOtherIncomeExpenseNet': -241700000, 'discontinuedOperations': None, 'netIncomeFromContinuingOps': -87600000, 'netIncomeApplicableToCommonShares': -89200000}}, {'2018-12-31': {'researchDevelopment': None, 'effectOfAccountingCharges': None, 'incomeBeforeTax': 245800000, 'minorityInterest': 25800000, 'netIncome': 235700000, 'sellingGeneralAdministrative': 23600000, 'grossProfit': 129300000, 'ebit': 105700000, 'operatingIncome': 105700000, 'otherOperatingExpenses': None, 'interestExpense': -14300000, 'extraordinaryItems': None, 'nonRecurring': None, 'otherItems': None, 'incomeTaxExpense': 8500000, 'totalRevenue': 169500000, 'totalOperatingExpenses': 63800000, 'costOfRevenue': 40200000, 'totalOtherIncomeExpenseNet': 140100000, 'discontinuedOperations': None, 'netIncomeFromContinuingOps': 237300000, 'netIncomeApplicableToCommonShares': 235700000}}], 'UU.': [{'2022-03-31': {'researchDevelopment': None, 'effectOfAccountingCharges': None, 'incomeBeforeTax': 439900000, 'minorityInterest': None, 'netIncome': -56800000, 'sellingGeneralAdministrative': 155700000, 'grossProfit': 1693200000, 'ebit': 617300000, 'operatingIncome': 617300000, 'otherOperatingExpenses': 478600000, 'interestExpense': -191000000, 'extraordinaryItems': None, 'nonRecurring': None, 'otherItems': None, 'incomeTaxExpense': 496700000, 'totalRevenue': 1862700000, 'totalOperatingExpenses': 1245400000, 'costOfRevenue': 169500000, 'totalOtherIncomeExpenseNet': -177400000, 'discontinuedOperations': None, 'netIncomeFromContinuingOps': -56800000, 'netIncomeApplicableToCommonShares': -56800000}}, {'2021-03-31': {'researchDevelopment': None, 'effectOfAccountingCharges': None, 'incomeBeforeTax': 551000000, 'minorityInterest': None, 'netIncome': 453400000, 'sellingGeneralAdministrative': 146300000, 'grossProfit': 1643200000, 'ebit': 617300000, 'operatingIncome': 617300000, 'otherOperatingExpenses': 428600000, 'interestExpense': -145700000, 'extraordinaryItems': None, 'nonRecurring': None, 'otherItems': None, 'incomeTaxExpense': 97600000, 'totalRevenue': 1808000000, 'totalOperatingExpenses': 1190700000, 'costOfRevenue': 164800000, 'totalOtherIncomeExpenseNet': -66300000, 'discontinuedOperations': None, 'netIncomeFromContinuingOps': 453400000, 'netIncomeApplicableToCommonShares': 453400000}}, {'2020-03-31': {'researchDevelopment': None, 'effectOfAccountingCharges': None, 'incomeBeforeTax': 303200000, 'minorityInterest': None, 'netIncome': 106800000, 'sellingGeneralAdministrative': 125800000, 'grossProfit': 1716300000, 'ebit': 757500000, 'operatingIncome': 757500000, 'otherOperatingExpenses': 408800000, 'interestExpense': -284000000, 'extraordinaryItems': None, 'nonRecurring': None, 'otherItems': None, 'incomeTaxExpense': 196400000, 'totalRevenue': 1859300000, 'totalOperatingExpenses': 1101800000, 'costOfRevenue': 143000000, 'totalOtherIncomeExpenseNet': -454300000, 'discontinuedOperations': None, 'netIncomeFromContinuingOps': 106800000, 'netIncomeApplicableToCommonShares': 106800000}}, {'2019-03-31': {'researchDevelopment': None, 'effectOfAccountingCharges': None, 'incomeBeforeTax': 436200000, 'minorityInterest': None, 'netIncome': 363400000, 'sellingGeneralAdministrative': 130300000, 'grossProfit': 1653500000, 'ebit': 688300000, 'operatingIncome': 688300000, 'otherOperatingExpenses': 415200000, 'interestExpense': -251100000, 'extraordinaryItems': None, 'nonRecurring': None, 'otherItems': None, 'incomeTaxExpense': 72800000, 'totalRevenue': 1818500000, 'totalOperatingExpenses': 1130200000, 'costOfRevenue': 165000000, 'totalOtherIncomeExpenseNet': -252100000, 'discontinuedOperations': None, 'netIncomeFromContinuingOps': 363400000, 'netIncomeApplicableToCommonShares': 363400000}}], 'VOD': [{'2022-03-31': {'researchDevelopment': None, 'effectOfAccountingCharges': None, 'incomeBeforeTax': 3954000000, 'minorityInterest': 2290000000, 'netIncome': 2088000000, 'sellingGeneralAdministrative': 9071000000, 'grossProfit': 15006000000, 'ebit': 5367000000, 'operatingIncome': 5367000000, 'otherOperatingExpenses': 568000000, 'interestExpense': -1985000000, 'extraordinaryItems': None, 'nonRecurring': None, 'otherItems': None, 'incomeTaxExpense': 1330000000, 'totalRevenue': 45580000000, 'totalOperatingExpenses': 40213000000, 'costOfRevenue': 30574000000, 'totalOtherIncomeExpenseNet': -1413000000, 'discontinuedOperations': None, 'netIncomeFromContinuingOps': 2624000000, 'netIncomeApplicableToCommonShares': 2088000000}}, {'2021-03-31': {'researchDevelopment': None, 'effectOfAccountingCharges': None, 'incomeBeforeTax': 4400000000, 'minorityInterest': 2012000000, 'netIncome': 112000000, 'sellingGeneralAdministrative': 8872000000, 'grossProfit': 13723000000, 'ebit': 3417000000, 'operatingIncome': 3417000000, 'otherOperatingExpenses': 1434000000, 'interestExpense': -2074000000, 'extraordinaryItems': None, 'nonRecurring': None, 'otherItems': None, 'incomeTaxExpense': 3864000000, 'totalRevenue': 43809000000, 'totalOperatingExpenses': 40392000000, 'costOfRevenue': 30086000000, 'totalOtherIncomeExpenseNet': 983000000, 'discontinuedOperations': None, 'netIncomeFromContinuingOps': 536000000, 'netIncomeApplicableToCommonShares': 112000000}}, {'2020-03-31': {'researchDevelopment': None, 'effectOfAccountingCharges': None, 'incomeBeforeTax': 795000000, 'minorityInterest': 1215000000, 'netIncome': -920000000, 'sellingGeneralAdministrative': 9624000000, 'grossProfit': 14292000000, 'ebit': 3624000000, 'operatingIncome': 3624000000, 'otherOperatingExpenses': 1044000000, 'interestExpense': -2182000000, 'extraordinaryItems': None, 'nonRecurring': None, 'otherItems': None, 'incomeTaxExpense': 1250000000, 'totalRevenue': 44974000000, 'totalOperatingExpenses': 41350000000, 'costOfRevenue': 30682000000, 'totalOtherIncomeExpenseNet': -2829000000, 'discontinuedOperations': None, 'netIncomeFromContinuingOps': -455000000, 'netIncomeApplicableToCommonShares': -920000000}}, {'2019-03-31': {'researchDevelopment': None, 'effectOfAccountingCharges': None, 'incomeBeforeTax': -2613000000, 'minorityInterest': 1227000000, 'netIncome': -8020000000, 'sellingGeneralAdministrative': 9301000000, 'grossProfit': 13506000000, 'ebit': 3483000000, 'operatingIncome': 3483000000, 'otherOperatingExpenses': 722000000, 'interestExpense': -1474000000, 'extraordinaryItems': None, 'nonRecurring': None, 'otherItems': None, 'incomeTaxExpense': 1496000000, 'totalRevenue': 43666000000, 'totalOperatingExpenses': 40183000000, 'costOfRevenue': 30160000000, 'totalOtherIncomeExpenseNet': -6096000000, 'discontinuedOperations': -3535000000, 'netIncomeFromContinuingOps': -4109000000, 'netIncomeApplicableToCommonShares': -8020000000}}], 'WTB': [{'2022-03-03': {'researchDevelopment': None, 'effectOfAccountingCharges': None, 'incomeBeforeTax': 58200000, 'minorityInterest': None, 'netIncome': 42500000, 'sellingGeneralAdministrative': 300000, 'grossProfit': 481900000, 'ebit': 83400000, 'operatingIncome': 83400000, 'otherOperatingExpenses': 71300000, 'interestExpense': -169700000, 'extraordinaryItems': None, 'nonRecurring': None, 'otherItems': None, 'incomeTaxExpense': 15700000, 'totalRevenue': 1711300000, 'totalOperatingExpenses': 1627900000, 'costOfRevenue': 1229400000, 'totalOtherIncomeExpenseNet': -25200000, 'discontinuedOperations': None, 'netIncomeFromContinuingOps': 42500000, 'netIncomeApplicableToCommonShares': 42500000}}, {'2021-02-25': {'researchDevelopment': None, 'effectOfAccountingCharges': None, 'incomeBeforeTax': -1007400000, 'minorityInterest': None, 'netIncome': -906500000, 'sellingGeneralAdministrative': -600000, 'grossProfit': -253500000, 'ebit': -605500000, 'operatingIncome': -605500000, 'otherOperatingExpenses': 52400000, 'interestExpense': -149300000, 'extraordinaryItems': None, 'nonRecurring': None, 'otherItems': None, 'incomeTaxExpense': -100900000, 'totalRevenue': 597200000, 'totalOperatingExpenses': 1202700000, 'costOfRevenue': 850700000, 'totalOtherIncomeExpenseNet': -385300000, 'discontinuedOperations': None, 'netIncomeFromContinuingOps': -906500000, 'netIncomeApplicableToCommonShares': -906500000}}, {'2020-02-27': {'researchDevelopment': None, 'effectOfAccountingCharges': None, 'incomeBeforeTax': 280000000, 'minorityInterest': None, 'netIncome': 217900000, 'sellingGeneralAdministrative': 2000000, 'grossProfit': 818700000, 'ebit': 489900000, 'operatingIncome': 489900000, 'otherOperatingExpenses': 58000000, 'interestExpense': -141900000, 'extraordinaryItems': None, 'nonRecurring': None, 'otherItems': None, 'incomeTaxExpense': 62100000, 'totalRevenue': 2076400000, 'totalOperatingExpenses': 1586500000, 'costOfRevenue': 1257700000, 'totalOtherIncomeExpenseNet': -209900000, 'discontinuedOperations': None, 'netIncomeFromContinuingOps': 217900000, 'netIncomeApplicableToCommonShares': 217900000}}, {'2019-02-28': {'researchDevelopment': None, 'effectOfAccountingCharges': None, 'incomeBeforeTax': 218100000, 'minorityInterest': None, 'netIncome': 3731400000, 'sellingGeneralAdministrative': 2500000, 'grossProfit': 681700000, 'ebit': 426700000, 'operatingIncome': 426700000, 'otherOperatingExpenses': -5800000, 'interestExpense': -143500000, 'extraordinaryItems': None, 'nonRecurring': None, 'otherItems': None, 'incomeTaxExpense': 41300000, 'totalRevenue': 2049100000, 'totalOperatingExpenses': 1622400000, 'costOfRevenue': 1367400000, 'totalOtherIncomeExpenseNet': -208600000, 'discontinuedOperations': 3554600000, 'netIncomeFromContinuingOps': 176800000, 'netIncomeApplicableToCommonShares': 3731400000}}], 'WPP': [{'2021-12-31': {'researchDevelopment': None, 'effectOfAccountingCharges': None, 'incomeBeforeTax': 950800000, 'minorityInterest': 452600000, 'netIncome': 637700000, 'sellingGeneralAdministrative': 978800000, 'grossProfit': 2203600000, 'ebit': 1224800000, 'operatingIncome': 1224800000, 'otherOperatingExpenses': None, 'interestExpense': -279400000, 'extraordinaryItems': None, 'nonRecurring': None, 'otherItems': None, 'incomeTaxExpense': 230100000, 'totalRevenue': 12801100000, 'totalOperatingExpenses': 11576300000, 'costOfRevenue': 10597500000, 'totalOtherIncomeExpenseNet': -274000000, 'discontinuedOperations': None, 'netIncomeFromContinuingOps': 720700000, 'netIncomeApplicableToCommonShares': 637700000}}, {'2020-12-31': {'researchDevelopment': None, 'effectOfAccountingCharges': None, 'incomeBeforeTax': -2790600000, 'minorityInterest': 318100000, 'netIncome': -2965100000, 'sellingGeneralAdministrative': 4299000000, 'grossProfit': 2014900000, 'ebit': -2284100000, 'operatingIncome': -2284100000, 'otherOperatingExpenses': None, 'interestExpense': -306000000, 'extraordinaryItems': None, 'nonRecurring': None, 'otherItems': None, 'incomeTaxExpense': 127100000, 'totalRevenue': 12002800000, 'totalOperatingExpenses': 14286900000, 'costOfRevenue': 9987900000, 'totalOtherIncomeExpenseNet': -506500000, 'discontinuedOperations': 6500000, 'netIncomeFromContinuingOps': -2917700000, 'netIncomeApplicableToCommonShares': -2965100000}}, {'2019-12-31': {'researchDevelopment': None, 'effectOfAccountingCharges': None, 'incomeBeforeTax': 1214300000, 'minorityInterest': 371400000, 'netIncome': 844100000, 'sellingGeneralAdministrative': 1120500000, 'grossProfit': 2409000000, 'ebit': 1288500000, 'operatingIncome': 1288500000, 'otherOperatingExpenses': None, 'interestExpense': -351700000, 'extraordinaryItems': None, 'nonRecurring': None, 'otherItems': None, 'incomeTaxExpense': 287200000, 'totalRevenue': 13234100000, 'totalOperatingExpenses': 11945600000, 'costOfRevenue': 10825100000, 'totalOtherIncomeExpenseNet': -74200000, 'discontinuedOperations': -3800000, 'netIncomeFromContinuingOps': 927100000, 'netIncomeApplicableToCommonShares': 844100000}}, {'2018-12-31': {'researchDevelopment': None, 'effectOfAccountingCharges': None, 'incomeBeforeTax': 1019300000, 'minorityInterest': 424400000, 'netIncome': 824600000, 'sellingGeneralAdministrative': 1249400000, 'grossProfit': 2487600000, 'ebit': 1238200000, 'operatingIncome': 1238200000, 'otherOperatingExpenses': None, 'interestExpense': -272000000, 'extraordinaryItems': None, 'nonRecurring': None, 'otherItems': None, 'incomeTaxExpense': 256000000, 'totalRevenue': 13046700000, 'totalOperatingExpenses': 11808500000, 'costOfRevenue': 10559100000, 'totalOtherIncomeExpenseNet': -218900000, 'discontinuedOperations': 126400000, 'netIncomeFromContinuingOps': 763300000, 'netIncomeApplicableToCommonShares': 824600000}}], 'BT-A': [{'2022-03-31': {'researchDevelopment': None, 'effectOfAccountingCharges': None, 'incomeBeforeTax': 1963000000, 'minorityInterest': None, 'netIncome': 1274000000, 'sellingGeneralAdministrative': 312000000, 'grossProfit': 8596000000, 'ebit': 3120000000, 'operatingIncome': 3120000000, 'otherOperatingExpenses': 693000000, 'interestExpense': -765000000, 'extraordinaryItems': None, 'nonRecurring': None, 'otherItems': None, 'incomeTaxExpense': 689000000, 'totalRevenue': 20850000000, 'totalOperatingExpenses': 17730000000, 'costOfRevenue': 12254000000, 'totalOtherIncomeExpenseNet': -1157000000, 'discontinuedOperations': None, 'netIncomeFromContinuingOps': 1274000000, 'netIncomeApplicableToCommonShares': 1274000000}}, {'2021-03-31': {'researchDevelopment': None, 'effectOfAccountingCharges': None, 'incomeBeforeTax': 1804000000, 'minorityInterest': None, 'netIncome': 1472000000, 'sellingGeneralAdministrative': 255000000, 'grossProfit': 8438000000, 'ebit': 3011000000, 'operatingIncome': 3011000000, 'otherOperatingExpenses': 675000000, 'interestExpense': -714000000, 'extraordinaryItems': None, 'nonRecurring': None, 'otherItems': None, 'incomeTaxExpense': 332000000, 'totalRevenue': 21331000000, 'totalOperatingExpenses': 18320000000, 'costOfRevenue': 12893000000, 'totalOtherIncomeExpenseNet': -1207000000, 'discontinuedOperations': None, 'netIncomeFromContinuingOps': 1472000000, 'netIncomeApplicableToCommonShares': 1472000000}}, {'2020-03-31': {'researchDevelopment': None, 'effectOfAccountingCharges': None, 'incomeBeforeTax': 2353000000, 'minorityInterest': None, 'netIncome': 1734000000, 'sellingGeneralAdministrative': 303000000, 'grossProfit': 9021000000, 'ebit': 3547000000, 'operatingIncome': 3547000000, 'otherOperatingExpenses': 751000000, 'interestExpense': -751000000, 'extraordinaryItems': None, 'nonRecurring': None, 'otherItems': None, 'incomeTaxExpense': 619000000, 'totalRevenue': 22905000000, 'totalOperatingExpenses': 19358000000, 'costOfRevenue': 13884000000, 'totalOtherIncomeExpenseNet': -1194000000, 'discontinuedOperations': None, 'netIncomeFromContinuingOps': 1734000000, 'netIncomeApplicableToCommonShares': 1734000000}}, {'2019-03-31': {'researchDevelopment': None, 'effectOfAccountingCharges': None, 'incomeBeforeTax': 2666000000, 'minorityInterest': None, 'netIncome': 2159000000, 'sellingGeneralAdministrative': 322000000, 'grossProfit': 8776000000, 'ebit': 3693000000, 'operatingIncome': 3693000000, 'otherOperatingExpenses': 1215000000, 'interestExpense': -595000000, 'extraordinaryItems': None, 'nonRecurring': None, 'otherItems': None, 'incomeTaxExpense': 507000000, 'totalRevenue': 23428000000, 'totalOperatingExpenses': 19735000000, 'costOfRevenue': 14652000000, 'totalOtherIncomeExpenseNet': -1027000000, 'discontinuedOperations': None, 'netIncomeFromContinuingOps': 2159000000, 'netIncomeApplicableToCommonShares': 2159000000}}]}